%YAML 1.1
%TAG !u! tag:unity3d.com,2011:
--- !u!29 &1
OcclusionCullingSettings:
  m_ObjectHideFlags: 0
  serializedVersion: 2
  m_OcclusionBakeSettings:
    smallestOccluder: 5
    smallestHole: 0.25
    backfaceThreshold: 100
  m_SceneGUID: 00000000000000000000000000000000
  m_OcclusionCullingData: {fileID: 0}
--- !u!104 &2
RenderSettings:
  m_ObjectHideFlags: 0
  serializedVersion: 9
  m_Fog: 0
  m_FogColor: {r: 0.5, g: 0.5, b: 0.5, a: 1}
  m_FogMode: 3
  m_FogDensity: 0.01
  m_LinearFogStart: 0
  m_LinearFogEnd: 300
  m_AmbientSkyColor: {r: 0.212, g: 0.227, b: 0.259, a: 1}
  m_AmbientEquatorColor: {r: 0.114, g: 0.125, b: 0.133, a: 1}
  m_AmbientGroundColor: {r: 0.047, g: 0.043, b: 0.035, a: 1}
  m_AmbientIntensity: 1
  m_AmbientMode: 0
  m_SubtractiveShadowColor: {r: 0.42, g: 0.478, b: 0.627, a: 1}
  m_SkyboxMaterial: {fileID: 2100000, guid: 3802fb8899dc2df428fb805843045a49, type: 2}
  m_HaloStrength: 0.5
  m_FlareStrength: 1
  m_FlareFadeSpeed: 3
  m_HaloTexture: {fileID: 0}
  m_SpotCookie: {fileID: 10001, guid: 0000000000000000e000000000000000, type: 0}
  m_DefaultReflectionMode: 0
  m_DefaultReflectionResolution: 128
  m_ReflectionBounces: 1
  m_ReflectionIntensity: 1
  m_CustomReflection: {fileID: 0}
  m_Sun: {fileID: 0}
  m_IndirectSpecularColor: {r: 0.46363866, g: 0.6677124, b: 0.82293564, a: 1}
  m_UseRadianceAmbientProbe: 0
--- !u!157 &3
LightmapSettings:
  m_ObjectHideFlags: 0
  serializedVersion: 11
  m_GIWorkflowMode: 0
  m_GISettings:
    serializedVersion: 2
    m_BounceScale: 1
    m_IndirectOutputScale: 1
    m_AlbedoBoost: 1
    m_EnvironmentLightingMode: 0
    m_EnableBakedLightmaps: 1
    m_EnableRealtimeLightmaps: 1
  m_LightmapEditorSettings:
    serializedVersion: 10
    m_Resolution: 2
    m_BakeResolution: 40
    m_AtlasSize: 1024
    m_AO: 0
    m_AOMaxDistance: 1
    m_CompAOExponent: 1
    m_CompAOExponentDirect: 0
    m_Padding: 2
    m_LightmapParameters: {fileID: 0}
    m_LightmapsBakeMode: 1
    m_TextureCompression: 1
    m_FinalGather: 0
    m_FinalGatherFiltering: 1
    m_FinalGatherRayCount: 256
    m_ReflectionCompression: 2
    m_MixedBakeMode: 2
    m_BakeBackend: 1
    m_PVRSampling: 1
    m_PVRDirectSampleCount: 32
    m_PVRSampleCount: 500
    m_PVRBounces: 2
    m_PVRFilterTypeDirect: 0
    m_PVRFilterTypeIndirect: 0
    m_PVRFilterTypeAO: 0
    m_PVRFilteringMode: 1
    m_PVRCulling: 1
    m_PVRFilteringGaussRadiusDirect: 1
    m_PVRFilteringGaussRadiusIndirect: 5
    m_PVRFilteringGaussRadiusAO: 2
    m_PVRFilteringAtrousPositionSigmaDirect: 0.5
    m_PVRFilteringAtrousPositionSigmaIndirect: 2
    m_PVRFilteringAtrousPositionSigmaAO: 1
    m_ShowResolutionOverlay: 1
  m_LightingDataAsset: {fileID: 0}
  m_UseShadowmask: 1
--- !u!196 &4
NavMeshSettings:
  serializedVersion: 2
  m_ObjectHideFlags: 0
  m_BuildSettings:
    serializedVersion: 2
    agentTypeID: 0
    agentRadius: 0.5
    agentHeight: 2
    agentSlope: 45
    agentClimb: 0.4
    ledgeDropHeight: 0
    maxJumpAcrossDistance: 0
    minRegionArea: 2
    manualCellSize: 0
    cellSize: 0.16666667
    manualTileSize: 0
    tileSize: 256
    accuratePlacement: 0
    debug:
      m_Flags: 0
  m_NavMeshData: {fileID: 0}
--- !u!1001 &12135960
PrefabInstance:
  m_ObjectHideFlags: 0
  serializedVersion: 2
  m_Modification:
    m_TransformParent: {fileID: 0}
    m_Modifications:
    - target: {fileID: 185520374, guid: 0d3f890060e8f5547a71d9a4ac35abe3, type: 3}
      propertyPath: m_Name
      value: Cube_Cave1
      objectReference: {fileID: 0}
    - target: {fileID: 185520377, guid: 0d3f890060e8f5547a71d9a4ac35abe3, type: 3}
      propertyPath: m_LocalPosition.x
      value: 2
      objectReference: {fileID: 0}
    - target: {fileID: 185520377, guid: 0d3f890060e8f5547a71d9a4ac35abe3, type: 3}
      propertyPath: m_LocalPosition.y
      value: 0
      objectReference: {fileID: 0}
    - target: {fileID: 185520377, guid: 0d3f890060e8f5547a71d9a4ac35abe3, type: 3}
      propertyPath: m_LocalPosition.z
      value: 5
      objectReference: {fileID: 0}
    - target: {fileID: 185520377, guid: 0d3f890060e8f5547a71d9a4ac35abe3, type: 3}
      propertyPath: m_LocalRotation.x
      value: 0
      objectReference: {fileID: 0}
    - target: {fileID: 185520377, guid: 0d3f890060e8f5547a71d9a4ac35abe3, type: 3}
      propertyPath: m_LocalRotation.y
      value: 0
      objectReference: {fileID: 0}
    - target: {fileID: 185520377, guid: 0d3f890060e8f5547a71d9a4ac35abe3, type: 3}
      propertyPath: m_LocalRotation.z
      value: 0
      objectReference: {fileID: 0}
    - target: {fileID: 185520377, guid: 0d3f890060e8f5547a71d9a4ac35abe3, type: 3}
      propertyPath: m_LocalRotation.w
      value: 1
      objectReference: {fileID: 0}
    - target: {fileID: 185520377, guid: 0d3f890060e8f5547a71d9a4ac35abe3, type: 3}
      propertyPath: m_RootOrder
      value: 17
      objectReference: {fileID: 0}
    - target: {fileID: 185520377, guid: 0d3f890060e8f5547a71d9a4ac35abe3, type: 3}
      propertyPath: m_LocalEulerAnglesHint.x
      value: 0
      objectReference: {fileID: 0}
    - target: {fileID: 185520377, guid: 0d3f890060e8f5547a71d9a4ac35abe3, type: 3}
      propertyPath: m_LocalEulerAnglesHint.y
      value: 0
      objectReference: {fileID: 0}
    - target: {fileID: 185520377, guid: 0d3f890060e8f5547a71d9a4ac35abe3, type: 3}
      propertyPath: m_LocalEulerAnglesHint.z
      value: 0
      objectReference: {fileID: 0}
    m_RemovedComponents: []
  m_SourcePrefab: {fileID: 100100000, guid: 0d3f890060e8f5547a71d9a4ac35abe3, type: 3}
--- !u!1001 &57389215
PrefabInstance:
  m_ObjectHideFlags: 0
  serializedVersion: 2
  m_Modification:
    m_TransformParent: {fileID: 0}
    m_Modifications:
    - target: {fileID: 102030, guid: ee8ec46cc8604cb498876b1a00fc0a9b, type: 3}
      propertyPath: m_Name
      value: Fort_Poison_4
      objectReference: {fileID: 0}
    - target: {fileID: 449294, guid: ee8ec46cc8604cb498876b1a00fc0a9b, type: 3}
      propertyPath: m_LocalPosition.x
      value: 2
      objectReference: {fileID: 0}
    - target: {fileID: 449294, guid: ee8ec46cc8604cb498876b1a00fc0a9b, type: 3}
      propertyPath: m_LocalPosition.y
      value: 0
      objectReference: {fileID: 0}
    - target: {fileID: 449294, guid: ee8ec46cc8604cb498876b1a00fc0a9b, type: 3}
      propertyPath: m_LocalPosition.z
      value: -3
      objectReference: {fileID: 0}
    - target: {fileID: 449294, guid: ee8ec46cc8604cb498876b1a00fc0a9b, type: 3}
      propertyPath: m_LocalRotation.x
      value: 0
      objectReference: {fileID: 0}
    - target: {fileID: 449294, guid: ee8ec46cc8604cb498876b1a00fc0a9b, type: 3}
      propertyPath: m_LocalRotation.y
      value: 0
      objectReference: {fileID: 0}
    - target: {fileID: 449294, guid: ee8ec46cc8604cb498876b1a00fc0a9b, type: 3}
      propertyPath: m_LocalRotation.z
      value: 0
      objectReference: {fileID: 0}
    - target: {fileID: 449294, guid: ee8ec46cc8604cb498876b1a00fc0a9b, type: 3}
      propertyPath: m_LocalRotation.w
      value: 1
      objectReference: {fileID: 0}
    - target: {fileID: 449294, guid: ee8ec46cc8604cb498876b1a00fc0a9b, type: 3}
      propertyPath: m_RootOrder
      value: 3
      objectReference: {fileID: 0}
    - target: {fileID: 449294, guid: ee8ec46cc8604cb498876b1a00fc0a9b, type: 3}
      propertyPath: m_LocalEulerAnglesHint.x
      value: 0
      objectReference: {fileID: 0}
    - target: {fileID: 449294, guid: ee8ec46cc8604cb498876b1a00fc0a9b, type: 3}
      propertyPath: m_LocalEulerAnglesHint.y
      value: 0
      objectReference: {fileID: 0}
    - target: {fileID: 449294, guid: ee8ec46cc8604cb498876b1a00fc0a9b, type: 3}
      propertyPath: m_LocalEulerAnglesHint.z
      value: 0
      objectReference: {fileID: 0}
    m_RemovedComponents: []
  m_SourcePrefab: {fileID: 100100000, guid: ee8ec46cc8604cb498876b1a00fc0a9b, type: 3}
--- !u!1001 &97797767
PrefabInstance:
  m_ObjectHideFlags: 0
  serializedVersion: 2
  m_Modification:
    m_TransformParent: {fileID: 0}
    m_Modifications:
    - target: {fileID: 724052429, guid: 061f45cab50b3384b8ce02a6060d0759, type: 3}
      propertyPath: m_Name
      value: Cube_Ice3
      objectReference: {fileID: 0}
    - target: {fileID: 724052432, guid: 061f45cab50b3384b8ce02a6060d0759, type: 3}
      propertyPath: m_LocalPosition.x
      value: 3
      objectReference: {fileID: 0}
    - target: {fileID: 724052432, guid: 061f45cab50b3384b8ce02a6060d0759, type: 3}
      propertyPath: m_LocalPosition.y
      value: 0
      objectReference: {fileID: 0}
    - target: {fileID: 724052432, guid: 061f45cab50b3384b8ce02a6060d0759, type: 3}
      propertyPath: m_LocalPosition.z
      value: 5
      objectReference: {fileID: 0}
    - target: {fileID: 724052432, guid: 061f45cab50b3384b8ce02a6060d0759, type: 3}
      propertyPath: m_LocalRotation.x
      value: 0
      objectReference: {fileID: 0}
    - target: {fileID: 724052432, guid: 061f45cab50b3384b8ce02a6060d0759, type: 3}
      propertyPath: m_LocalRotation.y
      value: 0
      objectReference: {fileID: 0}
    - target: {fileID: 724052432, guid: 061f45cab50b3384b8ce02a6060d0759, type: 3}
      propertyPath: m_LocalRotation.z
      value: 0
      objectReference: {fileID: 0}
    - target: {fileID: 724052432, guid: 061f45cab50b3384b8ce02a6060d0759, type: 3}
      propertyPath: m_LocalRotation.w
      value: 1
      objectReference: {fileID: 0}
    - target: {fileID: 724052432, guid: 061f45cab50b3384b8ce02a6060d0759, type: 3}
      propertyPath: m_RootOrder
      value: 12
      objectReference: {fileID: 0}
    - target: {fileID: 724052432, guid: 061f45cab50b3384b8ce02a6060d0759, type: 3}
      propertyPath: m_LocalEulerAnglesHint.x
      value: 0
      objectReference: {fileID: 0}
    - target: {fileID: 724052432, guid: 061f45cab50b3384b8ce02a6060d0759, type: 3}
      propertyPath: m_LocalEulerAnglesHint.y
      value: 0
      objectReference: {fileID: 0}
    - target: {fileID: 724052432, guid: 061f45cab50b3384b8ce02a6060d0759, type: 3}
      propertyPath: m_LocalEulerAnglesHint.z
      value: 0
      objectReference: {fileID: 0}
    m_RemovedComponents: []
  m_SourcePrefab: {fileID: 100100000, guid: 061f45cab50b3384b8ce02a6060d0759, type: 3}
--- !u!1001 &209486959
PrefabInstance:
  m_ObjectHideFlags: 0
  serializedVersion: 2
  m_Modification:
    m_TransformParent: {fileID: 0}
    m_Modifications:
    - target: {fileID: 102570, guid: f46fa67e2f0679b4182ac76de9fca748, type: 3}
      propertyPath: m_Name
      value: Grave01_4
      objectReference: {fileID: 0}
    - target: {fileID: 447184, guid: f46fa67e2f0679b4182ac76de9fca748, type: 3}
      propertyPath: m_LocalPosition.x
      value: 1
      objectReference: {fileID: 0}
    - target: {fileID: 447184, guid: f46fa67e2f0679b4182ac76de9fca748, type: 3}
      propertyPath: m_LocalPosition.y
      value: 0
      objectReference: {fileID: 0}
    - target: {fileID: 447184, guid: f46fa67e2f0679b4182ac76de9fca748, type: 3}
      propertyPath: m_LocalPosition.z
      value: -5
      objectReference: {fileID: 0}
    - target: {fileID: 447184, guid: f46fa67e2f0679b4182ac76de9fca748, type: 3}
      propertyPath: m_LocalRotation.x
      value: 0
      objectReference: {fileID: 0}
    - target: {fileID: 447184, guid: f46fa67e2f0679b4182ac76de9fca748, type: 3}
      propertyPath: m_LocalRotation.y
      value: 0
      objectReference: {fileID: 0}
    - target: {fileID: 447184, guid: f46fa67e2f0679b4182ac76de9fca748, type: 3}
      propertyPath: m_LocalRotation.z
      value: 0
      objectReference: {fileID: 0}
    - target: {fileID: 447184, guid: f46fa67e2f0679b4182ac76de9fca748, type: 3}
      propertyPath: m_LocalRotation.w
      value: 1
      objectReference: {fileID: 0}
    - target: {fileID: 447184, guid: f46fa67e2f0679b4182ac76de9fca748, type: 3}
      propertyPath: m_RootOrder
      value: 8
      objectReference: {fileID: 0}
    - target: {fileID: 447184, guid: f46fa67e2f0679b4182ac76de9fca748, type: 3}
      propertyPath: m_LocalEulerAnglesHint.x
      value: 0
      objectReference: {fileID: 0}
    - target: {fileID: 447184, guid: f46fa67e2f0679b4182ac76de9fca748, type: 3}
      propertyPath: m_LocalEulerAnglesHint.y
      value: 0
      objectReference: {fileID: 0}
    - target: {fileID: 447184, guid: f46fa67e2f0679b4182ac76de9fca748, type: 3}
      propertyPath: m_LocalEulerAnglesHint.z
      value: 0
      objectReference: {fileID: 0}
    m_RemovedComponents: []
  m_SourcePrefab: {fileID: 100100000, guid: f46fa67e2f0679b4182ac76de9fca748, type: 3}
--- !u!1001 &367719416
PrefabInstance:
  m_ObjectHideFlags: 0
  serializedVersion: 2
  m_Modification:
    m_TransformParent: {fileID: 0}
    m_Modifications:
    - target: {fileID: 166938, guid: ab62653d1751ac54a8dcb04a6e49ef88, type: 3}
      propertyPath: m_Name
      value: Fort01_4
      objectReference: {fileID: 0}
    - target: {fileID: 410362, guid: ab62653d1751ac54a8dcb04a6e49ef88, type: 3}
      propertyPath: m_LocalPosition.x
      value: 2
      objectReference: {fileID: 0}
    - target: {fileID: 410362, guid: ab62653d1751ac54a8dcb04a6e49ef88, type: 3}
      propertyPath: m_LocalPosition.y
      value: 0
      objectReference: {fileID: 0}
    - target: {fileID: 410362, guid: ab62653d1751ac54a8dcb04a6e49ef88, type: 3}
      propertyPath: m_LocalPosition.z
      value: -4
      objectReference: {fileID: 0}
    - target: {fileID: 410362, guid: ab62653d1751ac54a8dcb04a6e49ef88, type: 3}
      propertyPath: m_LocalRotation.x
      value: 0
      objectReference: {fileID: 0}
    - target: {fileID: 410362, guid: ab62653d1751ac54a8dcb04a6e49ef88, type: 3}
      propertyPath: m_LocalRotation.y
      value: 0
      objectReference: {fileID: 0}
    - target: {fileID: 410362, guid: ab62653d1751ac54a8dcb04a6e49ef88, type: 3}
      propertyPath: m_LocalRotation.z
      value: 0
      objectReference: {fileID: 0}
    - target: {fileID: 410362, guid: ab62653d1751ac54a8dcb04a6e49ef88, type: 3}
      propertyPath: m_LocalRotation.w
      value: 1
      objectReference: {fileID: 0}
    - target: {fileID: 410362, guid: ab62653d1751ac54a8dcb04a6e49ef88, type: 3}
      propertyPath: m_RootOrder
      value: 5
      objectReference: {fileID: 0}
    - target: {fileID: 410362, guid: ab62653d1751ac54a8dcb04a6e49ef88, type: 3}
      propertyPath: m_LocalEulerAnglesHint.x
      value: 0
      objectReference: {fileID: 0}
    - target: {fileID: 410362, guid: ab62653d1751ac54a8dcb04a6e49ef88, type: 3}
      propertyPath: m_LocalEulerAnglesHint.y
      value: 0
      objectReference: {fileID: 0}
    - target: {fileID: 410362, guid: ab62653d1751ac54a8dcb04a6e49ef88, type: 3}
      propertyPath: m_LocalEulerAnglesHint.z
      value: 0
      objectReference: {fileID: 0}
    m_RemovedComponents: []
  m_SourcePrefab: {fileID: 100100000, guid: ab62653d1751ac54a8dcb04a6e49ef88, type: 3}
--- !u!1001 &428218853
PrefabInstance:
  m_ObjectHideFlags: 0
  serializedVersion: 2
  m_Modification:
    m_TransformParent: {fileID: 0}
    m_Modifications:
    - target: {fileID: 111435936, guid: c29a6b9ac087b214fa5f4e1b4ac4573a, type: 3}
      propertyPath: m_Name
      value: Cube_Ice1
      objectReference: {fileID: 0}
    - target: {fileID: 111435939, guid: c29a6b9ac087b214fa5f4e1b4ac4573a, type: 3}
      propertyPath: m_LocalPosition.x
      value: 3
      objectReference: {fileID: 0}
    - target: {fileID: 111435939, guid: c29a6b9ac087b214fa5f4e1b4ac4573a, type: 3}
      propertyPath: m_LocalPosition.y
      value: 0
      objectReference: {fileID: 0}
    - target: {fileID: 111435939, guid: c29a6b9ac087b214fa5f4e1b4ac4573a, type: 3}
      propertyPath: m_LocalPosition.z
      value: 4
      objectReference: {fileID: 0}
    - target: {fileID: 111435939, guid: c29a6b9ac087b214fa5f4e1b4ac4573a, type: 3}
      propertyPath: m_LocalRotation.x
      value: 0
      objectReference: {fileID: 0}
    - target: {fileID: 111435939, guid: c29a6b9ac087b214fa5f4e1b4ac4573a, type: 3}
      propertyPath: m_LocalRotation.y
      value: 0
      objectReference: {fileID: 0}
    - target: {fileID: 111435939, guid: c29a6b9ac087b214fa5f4e1b4ac4573a, type: 3}
      propertyPath: m_LocalRotation.z
      value: 0
      objectReference: {fileID: 0}
    - target: {fileID: 111435939, guid: c29a6b9ac087b214fa5f4e1b4ac4573a, type: 3}
      propertyPath: m_LocalRotation.w
      value: 1
      objectReference: {fileID: 0}
    - target: {fileID: 111435939, guid: c29a6b9ac087b214fa5f4e1b4ac4573a, type: 3}
      propertyPath: m_RootOrder
      value: 14
      objectReference: {fileID: 0}
    - target: {fileID: 111435939, guid: c29a6b9ac087b214fa5f4e1b4ac4573a, type: 3}
      propertyPath: m_LocalEulerAnglesHint.x
      value: 0
      objectReference: {fileID: 0}
    - target: {fileID: 111435939, guid: c29a6b9ac087b214fa5f4e1b4ac4573a, type: 3}
      propertyPath: m_LocalEulerAnglesHint.y
      value: 0
      objectReference: {fileID: 0}
    - target: {fileID: 111435939, guid: c29a6b9ac087b214fa5f4e1b4ac4573a, type: 3}
      propertyPath: m_LocalEulerAnglesHint.z
      value: 0
      objectReference: {fileID: 0}
    m_RemovedComponents: []
  m_SourcePrefab: {fileID: 100100000, guid: c29a6b9ac087b214fa5f4e1b4ac4573a, type: 3}
--- !u!1001 &542289361
PrefabInstance:
  m_ObjectHideFlags: 0
  serializedVersion: 2
  m_Modification:
    m_TransformParent: {fileID: 0}
    m_Modifications:
    - target: {fileID: 1301984269, guid: 30695e1bf66f87544925136ba5b23361, type: 3}
      propertyPath: m_Name
      value: Cube_Cave3
      objectReference: {fileID: 0}
    - target: {fileID: 1301984272, guid: 30695e1bf66f87544925136ba5b23361, type: 3}
      propertyPath: m_LocalPosition.x
      value: 2
      objectReference: {fileID: 0}
    - target: {fileID: 1301984272, guid: 30695e1bf66f87544925136ba5b23361, type: 3}
      propertyPath: m_LocalPosition.y
      value: 0
      objectReference: {fileID: 0}
    - target: {fileID: 1301984272, guid: 30695e1bf66f87544925136ba5b23361, type: 3}
      propertyPath: m_LocalPosition.z
      value: 4
      objectReference: {fileID: 0}
    - target: {fileID: 1301984272, guid: 30695e1bf66f87544925136ba5b23361, type: 3}
      propertyPath: m_LocalRotation.x
      value: 0
      objectReference: {fileID: 0}
    - target: {fileID: 1301984272, guid: 30695e1bf66f87544925136ba5b23361, type: 3}
      propertyPath: m_LocalRotation.y
      value: 0
      objectReference: {fileID: 0}
    - target: {fileID: 1301984272, guid: 30695e1bf66f87544925136ba5b23361, type: 3}
      propertyPath: m_LocalRotation.z
      value: 0
      objectReference: {fileID: 0}
    - target: {fileID: 1301984272, guid: 30695e1bf66f87544925136ba5b23361, type: 3}
      propertyPath: m_LocalRotation.w
      value: 1
      objectReference: {fileID: 0}
    - target: {fileID: 1301984272, guid: 30695e1bf66f87544925136ba5b23361, type: 3}
      propertyPath: m_RootOrder
      value: 15
      objectReference: {fileID: 0}
    - target: {fileID: 1301984272, guid: 30695e1bf66f87544925136ba5b23361, type: 3}
      propertyPath: m_LocalEulerAnglesHint.x
      value: 0
      objectReference: {fileID: 0}
    - target: {fileID: 1301984272, guid: 30695e1bf66f87544925136ba5b23361, type: 3}
      propertyPath: m_LocalEulerAnglesHint.y
      value: 0
      objectReference: {fileID: 0}
    - target: {fileID: 1301984272, guid: 30695e1bf66f87544925136ba5b23361, type: 3}
      propertyPath: m_LocalEulerAnglesHint.z
      value: 0
      objectReference: {fileID: 0}
    m_RemovedComponents: []
  m_SourcePrefab: {fileID: 100100000, guid: 30695e1bf66f87544925136ba5b23361, type: 3}
--- !u!1001 &555618995
PrefabInstance:
  m_ObjectHideFlags: 0
  serializedVersion: 2
  m_Modification:
    m_TransformParent: {fileID: 0}
    m_Modifications:
    - target: {fileID: 1267634442, guid: 97bcfadcfff4fc941abebb8c51c0ae7a, type: 3}
      propertyPath: m_Name
      value: Cube_Desert1
      objectReference: {fileID: 0}
    - target: {fileID: 1267634445, guid: 97bcfadcfff4fc941abebb8c51c0ae7a, type: 3}
      propertyPath: m_LocalPosition.x
      value: 1
      objectReference: {fileID: 0}
    - target: {fileID: 1267634445, guid: 97bcfadcfff4fc941abebb8c51c0ae7a, type: 3}
      propertyPath: m_LocalPosition.y
      value: 0
      objectReference: {fileID: 0}
    - target: {fileID: 1267634445, guid: 97bcfadcfff4fc941abebb8c51c0ae7a, type: 3}
      propertyPath: m_LocalPosition.z
      value: 5
      objectReference: {fileID: 0}
    - target: {fileID: 1267634445, guid: 97bcfadcfff4fc941abebb8c51c0ae7a, type: 3}
      propertyPath: m_LocalRotation.x
      value: 0
      objectReference: {fileID: 0}
    - target: {fileID: 1267634445, guid: 97bcfadcfff4fc941abebb8c51c0ae7a, type: 3}
      propertyPath: m_LocalRotation.y
      value: 0
      objectReference: {fileID: 0}
    - target: {fileID: 1267634445, guid: 97bcfadcfff4fc941abebb8c51c0ae7a, type: 3}
      propertyPath: m_LocalRotation.z
      value: 0
      objectReference: {fileID: 0}
    - target: {fileID: 1267634445, guid: 97bcfadcfff4fc941abebb8c51c0ae7a, type: 3}
      propertyPath: m_LocalRotation.w
      value: 1
      objectReference: {fileID: 0}
    - target: {fileID: 1267634445, guid: 97bcfadcfff4fc941abebb8c51c0ae7a, type: 3}
      propertyPath: m_RootOrder
      value: 20
      objectReference: {fileID: 0}
    - target: {fileID: 1267634445, guid: 97bcfadcfff4fc941abebb8c51c0ae7a, type: 3}
      propertyPath: m_LocalEulerAnglesHint.x
      value: 0
      objectReference: {fileID: 0}
    - target: {fileID: 1267634445, guid: 97bcfadcfff4fc941abebb8c51c0ae7a, type: 3}
      propertyPath: m_LocalEulerAnglesHint.y
      value: 0
      objectReference: {fileID: 0}
    - target: {fileID: 1267634445, guid: 97bcfadcfff4fc941abebb8c51c0ae7a, type: 3}
      propertyPath: m_LocalEulerAnglesHint.z
      value: 0
      objectReference: {fileID: 0}
    m_RemovedComponents: []
  m_SourcePrefab: {fileID: 100100000, guid: 97bcfadcfff4fc941abebb8c51c0ae7a, type: 3}
--- !u!1001 &557778162
PrefabInstance:
  m_ObjectHideFlags: 0
  serializedVersion: 2
  m_Modification:
    m_TransformParent: {fileID: 0}
    m_Modifications:
    - target: {fileID: 1618058451, guid: 2742bbc5209286446bdee7f08588c36d, type: 3}
      propertyPath: m_Name
      value: Cube_Grass2
      objectReference: {fileID: 0}
    - target: {fileID: 1618058454, guid: 2742bbc5209286446bdee7f08588c36d, type: 3}
      propertyPath: m_LocalPosition.x
      value: 0
      objectReference: {fileID: 0}
    - target: {fileID: 1618058454, guid: 2742bbc5209286446bdee7f08588c36d, type: 3}
      propertyPath: m_LocalPosition.y
      value: 0
      objectReference: {fileID: 0}
    - target: {fileID: 1618058454, guid: 2742bbc5209286446bdee7f08588c36d, type: 3}
      propertyPath: m_LocalPosition.z
      value: 3
      objectReference: {fileID: 0}
    - target: {fileID: 1618058454, guid: 2742bbc5209286446bdee7f08588c36d, type: 3}
      propertyPath: m_LocalRotation.x
      value: 0
      objectReference: {fileID: 0}
    - target: {fileID: 1618058454, guid: 2742bbc5209286446bdee7f08588c36d, type: 3}
      propertyPath: m_LocalRotation.y
      value: 0
      objectReference: {fileID: 0}
    - target: {fileID: 1618058454, guid: 2742bbc5209286446bdee7f08588c36d, type: 3}
      propertyPath: m_LocalRotation.z
      value: 0
      objectReference: {fileID: 0}
    - target: {fileID: 1618058454, guid: 2742bbc5209286446bdee7f08588c36d, type: 3}
      propertyPath: m_LocalRotation.w
      value: 1
      objectReference: {fileID: 0}
    - target: {fileID: 1618058454, guid: 2742bbc5209286446bdee7f08588c36d, type: 3}
      propertyPath: m_RootOrder
      value: 22
      objectReference: {fileID: 0}
    - target: {fileID: 1618058454, guid: 2742bbc5209286446bdee7f08588c36d, type: 3}
      propertyPath: m_LocalEulerAnglesHint.x
      value: 0
      objectReference: {fileID: 0}
    - target: {fileID: 1618058454, guid: 2742bbc5209286446bdee7f08588c36d, type: 3}
      propertyPath: m_LocalEulerAnglesHint.y
      value: 0
      objectReference: {fileID: 0}
    - target: {fileID: 1618058454, guid: 2742bbc5209286446bdee7f08588c36d, type: 3}
      propertyPath: m_LocalEulerAnglesHint.z
      value: 0
      objectReference: {fileID: 0}
    m_RemovedComponents: []
  m_SourcePrefab: {fileID: 100100000, guid: 2742bbc5209286446bdee7f08588c36d, type: 3}
--- !u!1001 &757181710
PrefabInstance:
  m_ObjectHideFlags: 0
  serializedVersion: 2
  m_Modification:
    m_TransformParent: {fileID: 0}
    m_Modifications:
    - target: {fileID: 1389898158, guid: 3afd3d76de2c82c499038f44b508c09b, type: 3}
      propertyPath: m_Name
      value: Cube_Desert3
      objectReference: {fileID: 0}
    - target: {fileID: 1389898161, guid: 3afd3d76de2c82c499038f44b508c09b, type: 3}
      propertyPath: m_LocalPosition.x
      value: 1
      objectReference: {fileID: 0}
    - target: {fileID: 1389898161, guid: 3afd3d76de2c82c499038f44b508c09b, type: 3}
      propertyPath: m_LocalPosition.y
      value: 0
      objectReference: {fileID: 0}
    - target: {fileID: 1389898161, guid: 3afd3d76de2c82c499038f44b508c09b, type: 3}
      propertyPath: m_LocalPosition.z
      value: 4
      objectReference: {fileID: 0}
    - target: {fileID: 1389898161, guid: 3afd3d76de2c82c499038f44b508c09b, type: 3}
      propertyPath: m_LocalRotation.x
      value: 0
      objectReference: {fileID: 0}
    - target: {fileID: 1389898161, guid: 3afd3d76de2c82c499038f44b508c09b, type: 3}
      propertyPath: m_LocalRotation.y
      value: 0
      objectReference: {fileID: 0}
    - target: {fileID: 1389898161, guid: 3afd3d76de2c82c499038f44b508c09b, type: 3}
      propertyPath: m_LocalRotation.z
      value: 0
      objectReference: {fileID: 0}
    - target: {fileID: 1389898161, guid: 3afd3d76de2c82c499038f44b508c09b, type: 3}
      propertyPath: m_LocalRotation.w
      value: 1
      objectReference: {fileID: 0}
    - target: {fileID: 1389898161, guid: 3afd3d76de2c82c499038f44b508c09b, type: 3}
      propertyPath: m_RootOrder
      value: 18
      objectReference: {fileID: 0}
    - target: {fileID: 1389898161, guid: 3afd3d76de2c82c499038f44b508c09b, type: 3}
      propertyPath: m_LocalEulerAnglesHint.x
      value: 0
      objectReference: {fileID: 0}
    - target: {fileID: 1389898161, guid: 3afd3d76de2c82c499038f44b508c09b, type: 3}
      propertyPath: m_LocalEulerAnglesHint.y
      value: 0
      objectReference: {fileID: 0}
    - target: {fileID: 1389898161, guid: 3afd3d76de2c82c499038f44b508c09b, type: 3}
      propertyPath: m_LocalEulerAnglesHint.z
      value: 0
      objectReference: {fileID: 0}
    m_RemovedComponents: []
  m_SourcePrefab: {fileID: 100100000, guid: 3afd3d76de2c82c499038f44b508c09b, type: 3}
--- !u!1001 &826472612
PrefabInstance:
  m_ObjectHideFlags: 0
  serializedVersion: 2
  m_Modification:
    m_TransformParent: {fileID: 0}
    m_Modifications:
    - target: {fileID: 1886813971, guid: 912c99cf26c2a0940abd400ddc57a058, type: 3}
      propertyPath: m_Name
      value: Cube_Desert2
      objectReference: {fileID: 0}
    - target: {fileID: 1886813974, guid: 912c99cf26c2a0940abd400ddc57a058, type: 3}
      propertyPath: m_LocalPosition.x
      value: 1
      objectReference: {fileID: 0}
    - target: {fileID: 1886813974, guid: 912c99cf26c2a0940abd400ddc57a058, type: 3}
      propertyPath: m_LocalPosition.y
      value: 0
      objectReference: {fileID: 0}
    - target: {fileID: 1886813974, guid: 912c99cf26c2a0940abd400ddc57a058, type: 3}
      propertyPath: m_LocalPosition.z
      value: 3
      objectReference: {fileID: 0}
    - target: {fileID: 1886813974, guid: 912c99cf26c2a0940abd400ddc57a058, type: 3}
      propertyPath: m_LocalRotation.x
      value: 0
      objectReference: {fileID: 0}
    - target: {fileID: 1886813974, guid: 912c99cf26c2a0940abd400ddc57a058, type: 3}
      propertyPath: m_LocalRotation.y
      value: 0
      objectReference: {fileID: 0}
    - target: {fileID: 1886813974, guid: 912c99cf26c2a0940abd400ddc57a058, type: 3}
      propertyPath: m_LocalRotation.z
      value: 0
      objectReference: {fileID: 0}
    - target: {fileID: 1886813974, guid: 912c99cf26c2a0940abd400ddc57a058, type: 3}
      propertyPath: m_LocalRotation.w
      value: 1
      objectReference: {fileID: 0}
    - target: {fileID: 1886813974, guid: 912c99cf26c2a0940abd400ddc57a058, type: 3}
      propertyPath: m_RootOrder
      value: 19
      objectReference: {fileID: 0}
    - target: {fileID: 1886813974, guid: 912c99cf26c2a0940abd400ddc57a058, type: 3}
      propertyPath: m_LocalEulerAnglesHint.x
      value: 0
      objectReference: {fileID: 0}
    - target: {fileID: 1886813974, guid: 912c99cf26c2a0940abd400ddc57a058, type: 3}
      propertyPath: m_LocalEulerAnglesHint.y
      value: 0
      objectReference: {fileID: 0}
    - target: {fileID: 1886813974, guid: 912c99cf26c2a0940abd400ddc57a058, type: 3}
      propertyPath: m_LocalEulerAnglesHint.z
      value: 0
      objectReference: {fileID: 0}
    m_RemovedComponents: []
  m_SourcePrefab: {fileID: 100100000, guid: 912c99cf26c2a0940abd400ddc57a058, type: 3}
--- !u!1001 &991914735
PrefabInstance:
  m_ObjectHideFlags: 0
  serializedVersion: 2
  m_Modification:
    m_TransformParent: {fileID: 0}
    m_Modifications:
    - target: {fileID: 182516, guid: 9d2e8e1cba586df48b870c26921c8ddc, type: 3}
      propertyPath: m_Name
      value: Grave02_4
      objectReference: {fileID: 0}
    - target: {fileID: 466478, guid: 9d2e8e1cba586df48b870c26921c8ddc, type: 3}
      propertyPath: m_LocalPosition.x
      value: 1
      objectReference: {fileID: 0}
    - target: {fileID: 466478, guid: 9d2e8e1cba586df48b870c26921c8ddc, type: 3}
      propertyPath: m_LocalPosition.y
      value: 0
      objectReference: {fileID: 0}
    - target: {fileID: 466478, guid: 9d2e8e1cba586df48b870c26921c8ddc, type: 3}
      propertyPath: m_LocalPosition.z
      value: -4
      objectReference: {fileID: 0}
    - target: {fileID: 466478, guid: 9d2e8e1cba586df48b870c26921c8ddc, type: 3}
      propertyPath: m_LocalRotation.x
      value: 0
      objectReference: {fileID: 0}
    - target: {fileID: 466478, guid: 9d2e8e1cba586df48b870c26921c8ddc, type: 3}
      propertyPath: m_LocalRotation.y
      value: 0
      objectReference: {fileID: 0}
    - target: {fileID: 466478, guid: 9d2e8e1cba586df48b870c26921c8ddc, type: 3}
      propertyPath: m_LocalRotation.z
      value: 0
      objectReference: {fileID: 0}
    - target: {fileID: 466478, guid: 9d2e8e1cba586df48b870c26921c8ddc, type: 3}
      propertyPath: m_LocalRotation.w
      value: 1
      objectReference: {fileID: 0}
    - target: {fileID: 466478, guid: 9d2e8e1cba586df48b870c26921c8ddc, type: 3}
      propertyPath: m_RootOrder
      value: 7
      objectReference: {fileID: 0}
    - target: {fileID: 466478, guid: 9d2e8e1cba586df48b870c26921c8ddc, type: 3}
      propertyPath: m_LocalEulerAnglesHint.x
      value: 0
      objectReference: {fileID: 0}
    - target: {fileID: 466478, guid: 9d2e8e1cba586df48b870c26921c8ddc, type: 3}
      propertyPath: m_LocalEulerAnglesHint.y
      value: 0
      objectReference: {fileID: 0}
    - target: {fileID: 466478, guid: 9d2e8e1cba586df48b870c26921c8ddc, type: 3}
      propertyPath: m_LocalEulerAnglesHint.z
      value: 0
      objectReference: {fileID: 0}
    m_RemovedComponents: []
  m_SourcePrefab: {fileID: 100100000, guid: 9d2e8e1cba586df48b870c26921c8ddc, type: 3}
--- !u!1001 &1022491989
PrefabInstance:
  m_ObjectHideFlags: 0
  serializedVersion: 2
  m_Modification:
    m_TransformParent: {fileID: 0}
    m_Modifications:
    - target: {fileID: 1450487166, guid: f5c5de9f6bdbc0b43b76dfe39041c048, type: 3}
      propertyPath: m_Name
      value: Cube_Cave2
      objectReference: {fileID: 0}
    - target: {fileID: 1450487169, guid: f5c5de9f6bdbc0b43b76dfe39041c048, type: 3}
      propertyPath: m_LocalPosition.x
      value: 2
      objectReference: {fileID: 0}
    - target: {fileID: 1450487169, guid: f5c5de9f6bdbc0b43b76dfe39041c048, type: 3}
      propertyPath: m_LocalPosition.y
      value: 0
      objectReference: {fileID: 0}
    - target: {fileID: 1450487169, guid: f5c5de9f6bdbc0b43b76dfe39041c048, type: 3}
      propertyPath: m_LocalPosition.z
      value: 3
      objectReference: {fileID: 0}
    - target: {fileID: 1450487169, guid: f5c5de9f6bdbc0b43b76dfe39041c048, type: 3}
      propertyPath: m_LocalRotation.x
      value: 0
      objectReference: {fileID: 0}
    - target: {fileID: 1450487169, guid: f5c5de9f6bdbc0b43b76dfe39041c048, type: 3}
      propertyPath: m_LocalRotation.y
      value: 0
      objectReference: {fileID: 0}
    - target: {fileID: 1450487169, guid: f5c5de9f6bdbc0b43b76dfe39041c048, type: 3}
      propertyPath: m_LocalRotation.z
      value: 0
      objectReference: {fileID: 0}
    - target: {fileID: 1450487169, guid: f5c5de9f6bdbc0b43b76dfe39041c048, type: 3}
      propertyPath: m_LocalRotation.w
      value: 1
      objectReference: {fileID: 0}
    - target: {fileID: 1450487169, guid: f5c5de9f6bdbc0b43b76dfe39041c048, type: 3}
      propertyPath: m_RootOrder
      value: 16
      objectReference: {fileID: 0}
    - target: {fileID: 1450487169, guid: f5c5de9f6bdbc0b43b76dfe39041c048, type: 3}
      propertyPath: m_LocalEulerAnglesHint.x
      value: 0
      objectReference: {fileID: 0}
    - target: {fileID: 1450487169, guid: f5c5de9f6bdbc0b43b76dfe39041c048, type: 3}
      propertyPath: m_LocalEulerAnglesHint.y
      value: 0
      objectReference: {fileID: 0}
    - target: {fileID: 1450487169, guid: f5c5de9f6bdbc0b43b76dfe39041c048, type: 3}
      propertyPath: m_LocalEulerAnglesHint.z
      value: 0
      objectReference: {fileID: 0}
    m_RemovedComponents: []
  m_SourcePrefab: {fileID: 100100000, guid: f5c5de9f6bdbc0b43b76dfe39041c048, type: 3}
--- !u!1 &1029434987
GameObject:
  m_ObjectHideFlags: 0
  m_CorrespondingSourceObject: {fileID: 0}
  m_PrefabInstance: {fileID: 0}
  m_PrefabAsset: {fileID: 0}
  serializedVersion: 6
  m_Component:
  - component: {fileID: 1029434990}
  - component: {fileID: 1029434989}
  - component: {fileID: 1029434988}
  m_Layer: 0
  m_Name: Main Camera
  m_TagString: MainCamera
  m_Icon: {fileID: 0}
  m_NavMeshLayer: 0
  m_StaticEditorFlags: 0
  m_IsActive: 1
--- !u!81 &1029434988
AudioListener:
  m_ObjectHideFlags: 0
  m_CorrespondingSourceObject: {fileID: 0}
  m_PrefabInstance: {fileID: 0}
  m_PrefabAsset: {fileID: 0}
  m_GameObject: {fileID: 1029434987}
  m_Enabled: 1
--- !u!20 &1029434989
Camera:
  m_ObjectHideFlags: 0
  m_CorrespondingSourceObject: {fileID: 0}
  m_PrefabInstance: {fileID: 0}
  m_PrefabAsset: {fileID: 0}
  m_GameObject: {fileID: 1029434987}
  m_Enabled: 1
  serializedVersion: 2
  m_ClearFlags: 1
  m_BackGroundColor: {r: 0.19215687, g: 0.3019608, b: 0.4745098, a: 0}
  m_projectionMatrixMode: 1
  m_SensorSize: {x: 36, y: 24}
  m_LensShift: {x: 0, y: 0}
  m_GateFitMode: 2
  m_FocalLength: 50
  m_NormalizedViewPortRect:
    serializedVersion: 2
    x: 0
    y: 0
    width: 1
    height: 1
  near clip plane: 0.3
  far clip plane: 1000
  field of view: 60
  orthographic: 0
  orthographic size: 5
  m_Depth: -1
  m_CullingMask:
    serializedVersion: 2
    m_Bits: 4294967295
  m_RenderingPath: -1
  m_TargetTexture: {fileID: 0}
  m_TargetDisplay: 0
  m_TargetEye: 3
  m_HDR: 1
  m_AllowMSAA: 1
  m_AllowDynamicResolution: 0
  m_ForceIntoRT: 0
  m_OcclusionCulling: 1
  m_StereoConvergence: 10
  m_StereoSeparation: 0.022
--- !u!4 &1029434990
Transform:
  m_ObjectHideFlags: 0
  m_CorrespondingSourceObject: {fileID: 0}
  m_PrefabInstance: {fileID: 0}
  m_PrefabAsset: {fileID: 0}
  m_GameObject: {fileID: 1029434987}
  m_LocalRotation: {x: 0.18301213, y: -0.68301183, z: 0.18301263, w: 0.6830138}
  m_LocalPosition: {x: 4.97, y: 1.84, z: 12.84}
  m_LocalScale: {x: 1, y: 1, z: 1}
  m_Children: []
  m_Father: {fileID: 0}
  m_RootOrder: 0
  m_LocalEulerAnglesHint: {x: 30.000002, y: -90.00001, z: 0}
--- !u!1001 &1055150237
PrefabInstance:
  m_ObjectHideFlags: 0
  serializedVersion: 2
  m_Modification:
    m_TransformParent: {fileID: 0}
    m_Modifications:
    - target: {fileID: 130464, guid: 530b7fd6a87320c45a74b7743c4d26bb, type: 3}
      propertyPath: m_Name
      value: Desert_Cactus_04
      objectReference: {fileID: 0}
    - target: {fileID: 469266, guid: 530b7fd6a87320c45a74b7743c4d26bb, type: 3}
      propertyPath: m_LocalPosition.x
      value: -7.26
      objectReference: {fileID: 0}
    - target: {fileID: 469266, guid: 530b7fd6a87320c45a74b7743c4d26bb, type: 3}
      propertyPath: m_LocalPosition.y
      value: 0
      objectReference: {fileID: 0}
    - target: {fileID: 469266, guid: 530b7fd6a87320c45a74b7743c4d26bb, type: 3}
      propertyPath: m_LocalPosition.z
      value: 0
      objectReference: {fileID: 0}
    - target: {fileID: 469266, guid: 530b7fd6a87320c45a74b7743c4d26bb, type: 3}
      propertyPath: m_LocalRotation.x
      value: 0
      objectReference: {fileID: 0}
    - target: {fileID: 469266, guid: 530b7fd6a87320c45a74b7743c4d26bb, type: 3}
      propertyPath: m_LocalRotation.y
      value: 0
      objectReference: {fileID: 0}
    - target: {fileID: 469266, guid: 530b7fd6a87320c45a74b7743c4d26bb, type: 3}
      propertyPath: m_LocalRotation.z
      value: 0
      objectReference: {fileID: 0}
    - target: {fileID: 469266, guid: 530b7fd6a87320c45a74b7743c4d26bb, type: 3}
      propertyPath: m_LocalRotation.w
      value: 1
      objectReference: {fileID: 0}
    - target: {fileID: 469266, guid: 530b7fd6a87320c45a74b7743c4d26bb, type: 3}
      propertyPath: m_RootOrder
      value: 2
      objectReference: {fileID: 0}
    - target: {fileID: 469266, guid: 530b7fd6a87320c45a74b7743c4d26bb, type: 3}
      propertyPath: m_LocalEulerAnglesHint.x
      value: 0
      objectReference: {fileID: 0}
    - target: {fileID: 469266, guid: 530b7fd6a87320c45a74b7743c4d26bb, type: 3}
      propertyPath: m_LocalEulerAnglesHint.y
      value: 0
      objectReference: {fileID: 0}
    - target: {fileID: 469266, guid: 530b7fd6a87320c45a74b7743c4d26bb, type: 3}
      propertyPath: m_LocalEulerAnglesHint.z
      value: 0
      objectReference: {fileID: 0}
    m_RemovedComponents: []
  m_SourcePrefab: {fileID: 100100000, guid: 530b7fd6a87320c45a74b7743c4d26bb, type: 3}
--- !u!1001 &1080976435
PrefabInstance:
  m_ObjectHideFlags: 0
  serializedVersion: 2
  m_Modification:
    m_TransformParent: {fileID: 0}
    m_Modifications:
    - target: {fileID: 1480085146, guid: d28e84f2752aafc4faaf3f3c11d431f9, type: 3}
      propertyPath: m_Name
      value: Cube_Ice2
      objectReference: {fileID: 0}
    - target: {fileID: 1480085149, guid: d28e84f2752aafc4faaf3f3c11d431f9, type: 3}
      propertyPath: m_LocalPosition.x
      value: 3
      objectReference: {fileID: 0}
    - target: {fileID: 1480085149, guid: d28e84f2752aafc4faaf3f3c11d431f9, type: 3}
      propertyPath: m_LocalPosition.y
      value: 0
      objectReference: {fileID: 0}
    - target: {fileID: 1480085149, guid: d28e84f2752aafc4faaf3f3c11d431f9, type: 3}
      propertyPath: m_LocalPosition.z
      value: 3
      objectReference: {fileID: 0}
    - target: {fileID: 1480085149, guid: d28e84f2752aafc4faaf3f3c11d431f9, type: 3}
      propertyPath: m_LocalRotation.x
      value: 0
      objectReference: {fileID: 0}
    - target: {fileID: 1480085149, guid: d28e84f2752aafc4faaf3f3c11d431f9, type: 3}
      propertyPath: m_LocalRotation.y
      value: 0
      objectReference: {fileID: 0}
    - target: {fileID: 1480085149, guid: d28e84f2752aafc4faaf3f3c11d431f9, type: 3}
      propertyPath: m_LocalRotation.z
      value: 0
      objectReference: {fileID: 0}
    - target: {fileID: 1480085149, guid: d28e84f2752aafc4faaf3f3c11d431f9, type: 3}
      propertyPath: m_LocalRotation.w
      value: 1
      objectReference: {fileID: 0}
    - target: {fileID: 1480085149, guid: d28e84f2752aafc4faaf3f3c11d431f9, type: 3}
      propertyPath: m_RootOrder
      value: 13
      objectReference: {fileID: 0}
    - target: {fileID: 1480085149, guid: d28e84f2752aafc4faaf3f3c11d431f9, type: 3}
      propertyPath: m_LocalEulerAnglesHint.x
      value: 0
      objectReference: {fileID: 0}
    - target: {fileID: 1480085149, guid: d28e84f2752aafc4faaf3f3c11d431f9, type: 3}
      propertyPath: m_LocalEulerAnglesHint.y
      value: 0
      objectReference: {fileID: 0}
    - target: {fileID: 1480085149, guid: d28e84f2752aafc4faaf3f3c11d431f9, type: 3}
      propertyPath: m_LocalEulerAnglesHint.z
      value: 0
      objectReference: {fileID: 0}
    m_RemovedComponents: []
  m_SourcePrefab: {fileID: 100100000, guid: d28e84f2752aafc4faaf3f3c11d431f9, type: 3}
--- !u!1 &1085489305
GameObject:
  m_ObjectHideFlags: 0
  m_CorrespondingSourceObject: {fileID: 0}
  m_PrefabInstance: {fileID: 0}
  m_PrefabAsset: {fileID: 0}
  serializedVersion: 6
  m_Component:
  - component: {fileID: 1085489307}
  - component: {fileID: 1085489306}
  m_Layer: 0
  m_Name: Directional Light
  m_TagString: Untagged
  m_Icon: {fileID: 0}
  m_NavMeshLayer: 0
  m_StaticEditorFlags: 0
  m_IsActive: 1
--- !u!108 &1085489306
Light:
  m_ObjectHideFlags: 0
  m_CorrespondingSourceObject: {fileID: 0}
  m_PrefabInstance: {fileID: 0}
  m_PrefabAsset: {fileID: 0}
  m_GameObject: {fileID: 1085489305}
  m_Enabled: 1
  serializedVersion: 8
  m_Type: 1
  m_Color: {r: 1, g: 0.95686275, b: 0.8392157, a: 1}
  m_Intensity: 1
  m_Range: 10
  m_SpotAngle: 30
  m_CookieSize: 10
  m_Shadows:
    m_Type: 2
    m_Resolution: -1
    m_CustomResolution: -1
    m_Strength: 1
    m_Bias: 0.05
    m_NormalBias: 0.4
    m_NearPlane: 0.2
  m_Cookie: {fileID: 0}
  m_DrawHalo: 0
  m_Flare: {fileID: 0}
  m_RenderMode: 0
  m_CullingMask:
    serializedVersion: 2
    m_Bits: 4294967295
  m_Lightmapping: 4
  m_LightShadowCasterMode: 0
  m_AreaSize: {x: 1, y: 1}
  m_BounceIntensity: 1
  m_ColorTemperature: 6570
  m_UseColorTemperature: 0
  m_ShadowRadius: 0
  m_ShadowAngle: 0
--- !u!4 &1085489307
Transform:
  m_ObjectHideFlags: 0
  m_CorrespondingSourceObject: {fileID: 0}
  m_PrefabInstance: {fileID: 0}
  m_PrefabAsset: {fileID: 0}
  m_GameObject: {fileID: 1085489305}
  m_LocalRotation: {x: 0.40821788, y: -0.23456968, z: 0.10938163, w: 0.8754261}
  m_LocalPosition: {x: 0, y: 3, z: 0}
  m_LocalScale: {x: 1, y: 1, z: 1}
  m_Children: []
  m_Father: {fileID: 0}
  m_RootOrder: 24
  m_LocalEulerAnglesHint: {x: 50, y: -30, z: 0}
--- !u!1001 &1122444748
PrefabInstance:
  m_ObjectHideFlags: 0
  serializedVersion: 2
  m_Modification:
    m_TransformParent: {fileID: 0}
    m_Modifications:
    - target: {fileID: 191568, guid: b0f276fafb8b65a428cf06a6752744f2, type: 3}
      propertyPath: m_Name
      value: Grave_Poison_4
      objectReference: {fileID: 0}
    - target: {fileID: 405174, guid: b0f276fafb8b65a428cf06a6752744f2, type: 3}
      propertyPath: m_LocalPosition.x
      value: 1
      objectReference: {fileID: 0}
    - target: {fileID: 405174, guid: b0f276fafb8b65a428cf06a6752744f2, type: 3}
      propertyPath: m_LocalPosition.y
      value: 0
      objectReference: {fileID: 0}
    - target: {fileID: 405174, guid: b0f276fafb8b65a428cf06a6752744f2, type: 3}
      propertyPath: m_LocalPosition.z
      value: -3
      objectReference: {fileID: 0}
    - target: {fileID: 405174, guid: b0f276fafb8b65a428cf06a6752744f2, type: 3}
      propertyPath: m_LocalRotation.x
      value: 0
      objectReference: {fileID: 0}
    - target: {fileID: 405174, guid: b0f276fafb8b65a428cf06a6752744f2, type: 3}
      propertyPath: m_LocalRotation.y
      value: 0
      objectReference: {fileID: 0}
    - target: {fileID: 405174, guid: b0f276fafb8b65a428cf06a6752744f2, type: 3}
      propertyPath: m_LocalRotation.z
      value: 0
      objectReference: {fileID: 0}
    - target: {fileID: 405174, guid: b0f276fafb8b65a428cf06a6752744f2, type: 3}
      propertyPath: m_LocalRotation.w
      value: 1
      objectReference: {fileID: 0}
    - target: {fileID: 405174, guid: b0f276fafb8b65a428cf06a6752744f2, type: 3}
      propertyPath: m_RootOrder
      value: 6
      objectReference: {fileID: 0}
    - target: {fileID: 405174, guid: b0f276fafb8b65a428cf06a6752744f2, type: 3}
      propertyPath: m_LocalEulerAnglesHint.x
      value: 0
      objectReference: {fileID: 0}
    - target: {fileID: 405174, guid: b0f276fafb8b65a428cf06a6752744f2, type: 3}
      propertyPath: m_LocalEulerAnglesHint.y
      value: 0
      objectReference: {fileID: 0}
    - target: {fileID: 405174, guid: b0f276fafb8b65a428cf06a6752744f2, type: 3}
      propertyPath: m_LocalEulerAnglesHint.z
      value: 0
      objectReference: {fileID: 0}
    m_RemovedComponents: []
  m_SourcePrefab: {fileID: 100100000, guid: b0f276fafb8b65a428cf06a6752744f2, type: 3}
--- !u!1001 &1295081996
PrefabInstance:
  m_ObjectHideFlags: 0
  serializedVersion: 2
  m_Modification:
    m_TransformParent: {fileID: 0}
    m_Modifications:
    - target: {fileID: 1111773097, guid: 728a39a35203475449f35c3a2b0c9f32, type: 3}
      propertyPath: m_Name
      value: Cube_Lava3
      objectReference: {fileID: 0}
    - target: {fileID: 1111773100, guid: 728a39a35203475449f35c3a2b0c9f32, type: 3}
      propertyPath: m_LocalPosition.x
      value: 0
      objectReference: {fileID: 0}
    - target: {fileID: 1111773100, guid: 728a39a35203475449f35c3a2b0c9f32, type: 3}
      propertyPath: m_LocalPosition.y
      value: 0
      objectReference: {fileID: 0}
    - target: {fileID: 1111773100, guid: 728a39a35203475449f35c3a2b0c9f32, type: 3}
      propertyPath: m_LocalPosition.z
      value: 0
      objectReference: {fileID: 0}
    - target: {fileID: 1111773100, guid: 728a39a35203475449f35c3a2b0c9f32, type: 3}
      propertyPath: m_LocalRotation.x
      value: 0
      objectReference: {fileID: 0}
    - target: {fileID: 1111773100, guid: 728a39a35203475449f35c3a2b0c9f32, type: 3}
      propertyPath: m_LocalRotation.y
      value: 0
      objectReference: {fileID: 0}
    - target: {fileID: 1111773100, guid: 728a39a35203475449f35c3a2b0c9f32, type: 3}
      propertyPath: m_LocalRotation.z
      value: 0
      objectReference: {fileID: 0}
    - target: {fileID: 1111773100, guid: 728a39a35203475449f35c3a2b0c9f32, type: 3}
      propertyPath: m_LocalRotation.w
      value: 1
      objectReference: {fileID: 0}
    - target: {fileID: 1111773100, guid: 728a39a35203475449f35c3a2b0c9f32, type: 3}
      propertyPath: m_RootOrder
      value: 9
      objectReference: {fileID: 0}
    - target: {fileID: 1111773100, guid: 728a39a35203475449f35c3a2b0c9f32, type: 3}
      propertyPath: m_LocalEulerAnglesHint.x
      value: 0
      objectReference: {fileID: 0}
    - target: {fileID: 1111773100, guid: 728a39a35203475449f35c3a2b0c9f32, type: 3}
      propertyPath: m_LocalEulerAnglesHint.y
      value: 0
      objectReference: {fileID: 0}
    - target: {fileID: 1111773100, guid: 728a39a35203475449f35c3a2b0c9f32, type: 3}
      propertyPath: m_LocalEulerAnglesHint.z
      value: 0
      objectReference: {fileID: 0}
    m_RemovedComponents: []
  m_SourcePrefab: {fileID: 100100000, guid: 728a39a35203475449f35c3a2b0c9f32, type: 3}
--- !u!1001 &1474674900
PrefabInstance:
  m_ObjectHideFlags: 0
  serializedVersion: 2
  m_Modification:
    m_TransformParent: {fileID: 0}
    m_Modifications:
    - target: {fileID: 121880, guid: 4c806096614d2884981fe201d729f2bb, type: 3}
      propertyPath: m_Name
      value: Fort02_4
      objectReference: {fileID: 0}
    - target: {fileID: 400234, guid: 4c806096614d2884981fe201d729f2bb, type: 3}
      propertyPath: m_LocalPosition.x
      value: 2
      objectReference: {fileID: 0}
    - target: {fileID: 400234, guid: 4c806096614d2884981fe201d729f2bb, type: 3}
      propertyPath: m_LocalPosition.y
      value: 0
      objectReference: {fileID: 0}
    - target: {fileID: 400234, guid: 4c806096614d2884981fe201d729f2bb, type: 3}
      propertyPath: m_LocalPosition.z
      value: -5
      objectReference: {fileID: 0}
    - target: {fileID: 400234, guid: 4c806096614d2884981fe201d729f2bb, type: 3}
      propertyPath: m_LocalRotation.x
      value: 0
      objectReference: {fileID: 0}
    - target: {fileID: 400234, guid: 4c806096614d2884981fe201d729f2bb, type: 3}
      propertyPath: m_LocalRotation.y
      value: 0
      objectReference: {fileID: 0}
    - target: {fileID: 400234, guid: 4c806096614d2884981fe201d729f2bb, type: 3}
      propertyPath: m_LocalRotation.z
      value: 0
      objectReference: {fileID: 0}
    - target: {fileID: 400234, guid: 4c806096614d2884981fe201d729f2bb, type: 3}
      propertyPath: m_LocalRotation.w
      value: 1
      objectReference: {fileID: 0}
    - target: {fileID: 400234, guid: 4c806096614d2884981fe201d729f2bb, type: 3}
      propertyPath: m_RootOrder
      value: 4
      objectReference: {fileID: 0}
    - target: {fileID: 400234, guid: 4c806096614d2884981fe201d729f2bb, type: 3}
      propertyPath: m_LocalEulerAnglesHint.x
      value: 0
      objectReference: {fileID: 0}
    - target: {fileID: 400234, guid: 4c806096614d2884981fe201d729f2bb, type: 3}
      propertyPath: m_LocalEulerAnglesHint.y
      value: 0
      objectReference: {fileID: 0}
    - target: {fileID: 400234, guid: 4c806096614d2884981fe201d729f2bb, type: 3}
      propertyPath: m_LocalEulerAnglesHint.z
      value: 0
      objectReference: {fileID: 0}
    m_RemovedComponents: []
  m_SourcePrefab: {fileID: 100100000, guid: 4c806096614d2884981fe201d729f2bb, type: 3}
--- !u!1001 &1483446971
PrefabInstance:
  m_ObjectHideFlags: 0
  serializedVersion: 2
  m_Modification:
    m_TransformParent: {fileID: 0}
    m_Modifications:
    - target: {fileID: 687158939, guid: 5a2e09211d17e8a4cb3ffd29d5c48697, type: 3}
      propertyPath: m_Name
      value: Cube_Lava2
      objectReference: {fileID: 0}
    - target: {fileID: 687158942, guid: 5a2e09211d17e8a4cb3ffd29d5c48697, type: 3}
      propertyPath: m_LocalPosition.x
      value: 0
      objectReference: {fileID: 0}
    - target: {fileID: 687158942, guid: 5a2e09211d17e8a4cb3ffd29d5c48697, type: 3}
      propertyPath: m_LocalPosition.y
      value: 0
      objectReference: {fileID: 0}
    - target: {fileID: 687158942, guid: 5a2e09211d17e8a4cb3ffd29d5c48697, type: 3}
      propertyPath: m_LocalPosition.z
      value: 1
      objectReference: {fileID: 0}
    - target: {fileID: 687158942, guid: 5a2e09211d17e8a4cb3ffd29d5c48697, type: 3}
      propertyPath: m_LocalRotation.x
      value: 0
      objectReference: {fileID: 0}
    - target: {fileID: 687158942, guid: 5a2e09211d17e8a4cb3ffd29d5c48697, type: 3}
      propertyPath: m_LocalRotation.y
      value: 0
      objectReference: {fileID: 0}
    - target: {fileID: 687158942, guid: 5a2e09211d17e8a4cb3ffd29d5c48697, type: 3}
      propertyPath: m_LocalRotation.z
      value: 0
      objectReference: {fileID: 0}
    - target: {fileID: 687158942, guid: 5a2e09211d17e8a4cb3ffd29d5c48697, type: 3}
      propertyPath: m_LocalRotation.w
      value: 1
      objectReference: {fileID: 0}
    - target: {fileID: 687158942, guid: 5a2e09211d17e8a4cb3ffd29d5c48697, type: 3}
      propertyPath: m_RootOrder
      value: 10
      objectReference: {fileID: 0}
    - target: {fileID: 687158942, guid: 5a2e09211d17e8a4cb3ffd29d5c48697, type: 3}
      propertyPath: m_LocalEulerAnglesHint.x
      value: 0
      objectReference: {fileID: 0}
    - target: {fileID: 687158942, guid: 5a2e09211d17e8a4cb3ffd29d5c48697, type: 3}
      propertyPath: m_LocalEulerAnglesHint.y
      value: 0
      objectReference: {fileID: 0}
    - target: {fileID: 687158942, guid: 5a2e09211d17e8a4cb3ffd29d5c48697, type: 3}
      propertyPath: m_LocalEulerAnglesHint.z
      value: 0
      objectReference: {fileID: 0}
    m_RemovedComponents: []
  m_SourcePrefab: {fileID: 100100000, guid: 5a2e09211d17e8a4cb3ffd29d5c48697, type: 3}
--- !u!1001 &1505144382
PrefabInstance:
  m_ObjectHideFlags: 0
  serializedVersion: 2
  m_Modification:
    m_TransformParent: {fileID: 0}
    m_Modifications:
    - target: {fileID: 2090900115, guid: 53a2c842b9e7a69408349912a1311223, type: 3}
      propertyPath: m_Name
      value: Cube_Grass3
      objectReference: {fileID: 0}
    - target: {fileID: 2090900118, guid: 53a2c842b9e7a69408349912a1311223, type: 3}
      propertyPath: m_LocalPosition.x
      value: 0
      objectReference: {fileID: 0}
    - target: {fileID: 2090900118, guid: 53a2c842b9e7a69408349912a1311223, type: 3}
      propertyPath: m_LocalPosition.y
      value: 0
      objectReference: {fileID: 0}
    - target: {fileID: 2090900118, guid: 53a2c842b9e7a69408349912a1311223, type: 3}
      propertyPath: m_LocalPosition.z
      value: 5
      objectReference: {fileID: 0}
    - target: {fileID: 2090900118, guid: 53a2c842b9e7a69408349912a1311223, type: 3}
      propertyPath: m_LocalRotation.x
      value: 0
      objectReference: {fileID: 0}
    - target: {fileID: 2090900118, guid: 53a2c842b9e7a69408349912a1311223, type: 3}
      propertyPath: m_LocalRotation.y
      value: 0
      objectReference: {fileID: 0}
    - target: {fileID: 2090900118, guid: 53a2c842b9e7a69408349912a1311223, type: 3}
      propertyPath: m_LocalRotation.z
      value: 0
      objectReference: {fileID: 0}
    - target: {fileID: 2090900118, guid: 53a2c842b9e7a69408349912a1311223, type: 3}
      propertyPath: m_LocalRotation.w
      value: 1
      objectReference: {fileID: 0}
    - target: {fileID: 2090900118, guid: 53a2c842b9e7a69408349912a1311223, type: 3}
      propertyPath: m_RootOrder
      value: 21
      objectReference: {fileID: 0}
    - target: {fileID: 2090900118, guid: 53a2c842b9e7a69408349912a1311223, type: 3}
      propertyPath: m_LocalEulerAnglesHint.x
      value: 0
      objectReference: {fileID: 0}
    - target: {fileID: 2090900118, guid: 53a2c842b9e7a69408349912a1311223, type: 3}
      propertyPath: m_LocalEulerAnglesHint.y
      value: 0
      objectReference: {fileID: 0}
    - target: {fileID: 2090900118, guid: 53a2c842b9e7a69408349912a1311223, type: 3}
      propertyPath: m_LocalEulerAnglesHint.z
      value: 0
      objectReference: {fileID: 0}
    m_RemovedComponents: []
  m_SourcePrefab: {fileID: 100100000, guid: 53a2c842b9e7a69408349912a1311223, type: 3}
--- !u!1001 &1840269725
PrefabInstance:
  m_ObjectHideFlags: 0
  serializedVersion: 2
  m_Modification:
    m_TransformParent: {fileID: 0}
    m_Modifications:
    - target: {fileID: 1026597906, guid: 487f1dbf01fb7eb4c95f21c1556d7a1a, type: 3}
      propertyPath: m_Name
      value: Cube_Desert4
      objectReference: {fileID: 0}
    - target: {fileID: 1026597909, guid: 487f1dbf01fb7eb4c95f21c1556d7a1a, type: 3}
      propertyPath: m_LocalPosition.x
      value: 1
      objectReference: {fileID: 0}
    - target: {fileID: 1026597909, guid: 487f1dbf01fb7eb4c95f21c1556d7a1a, type: 3}
      propertyPath: m_LocalPosition.y
      value: 0
      objectReference: {fileID: 0}
    - target: {fileID: 1026597909, guid: 487f1dbf01fb7eb4c95f21c1556d7a1a, type: 3}
      propertyPath: m_LocalPosition.z
      value: 2
      objectReference: {fileID: 0}
    - target: {fileID: 1026597909, guid: 487f1dbf01fb7eb4c95f21c1556d7a1a, type: 3}
      propertyPath: m_LocalRotation.x
      value: 0
      objectReference: {fileID: 0}
    - target: {fileID: 1026597909, guid: 487f1dbf01fb7eb4c95f21c1556d7a1a, type: 3}
      propertyPath: m_LocalRotation.y
      value: 0
      objectReference: {fileID: 0}
    - target: {fileID: 1026597909, guid: 487f1dbf01fb7eb4c95f21c1556d7a1a, type: 3}
      propertyPath: m_LocalRotation.z
      value: 0
      objectReference: {fileID: 0}
    - target: {fileID: 1026597909, guid: 487f1dbf01fb7eb4c95f21c1556d7a1a, type: 3}
      propertyPath: m_LocalRotation.w
      value: 1
      objectReference: {fileID: 0}
    - target: {fileID: 1026597909, guid: 487f1dbf01fb7eb4c95f21c1556d7a1a, type: 3}
      propertyPath: m_RootOrder
      value: 1
      objectReference: {fileID: 0}
    - target: {fileID: 1026597909, guid: 487f1dbf01fb7eb4c95f21c1556d7a1a, type: 3}
      propertyPath: m_LocalEulerAnglesHint.x
      value: 0
      objectReference: {fileID: 0}
    - target: {fileID: 1026597909, guid: 487f1dbf01fb7eb4c95f21c1556d7a1a, type: 3}
      propertyPath: m_LocalEulerAnglesHint.y
      value: 0
      objectReference: {fileID: 0}
    - target: {fileID: 1026597909, guid: 487f1dbf01fb7eb4c95f21c1556d7a1a, type: 3}
      propertyPath: m_LocalEulerAnglesHint.z
      value: 0
      objectReference: {fileID: 0}
    m_RemovedComponents: []
  m_SourcePrefab: {fileID: 100100000, guid: 487f1dbf01fb7eb4c95f21c1556d7a1a, type: 3}
--- !u!1001 &2035159703
PrefabInstance:
  m_ObjectHideFlags: 0
  serializedVersion: 2
  m_Modification:
    m_TransformParent: {fileID: 0}
    m_Modifications:
    - target: {fileID: 76075619, guid: 32e13c04c58d5424396dd2d4aee8c3b3, type: 3}
      propertyPath: m_Name
      value: Cube_Lava1
      objectReference: {fileID: 0}
    - target: {fileID: 76075622, guid: 32e13c04c58d5424396dd2d4aee8c3b3, type: 3}
      propertyPath: m_LocalPosition.x
      value: 0
      objectReference: {fileID: 0}
    - target: {fileID: 76075622, guid: 32e13c04c58d5424396dd2d4aee8c3b3, type: 3}
      propertyPath: m_LocalPosition.y
      value: 0
      objectReference: {fileID: 0}
    - target: {fileID: 76075622, guid: 32e13c04c58d5424396dd2d4aee8c3b3, type: 3}
      propertyPath: m_LocalPosition.z
      value: -1
      objectReference: {fileID: 0}
    - target: {fileID: 76075622, guid: 32e13c04c58d5424396dd2d4aee8c3b3, type: 3}
      propertyPath: m_LocalRotation.x
      value: 0
      objectReference: {fileID: 0}
    - target: {fileID: 76075622, guid: 32e13c04c58d5424396dd2d4aee8c3b3, type: 3}
      propertyPath: m_LocalRotation.y
      value: 0
      objectReference: {fileID: 0}
    - target: {fileID: 76075622, guid: 32e13c04c58d5424396dd2d4aee8c3b3, type: 3}
      propertyPath: m_LocalRotation.z
      value: 0
      objectReference: {fileID: 0}
    - target: {fileID: 76075622, guid: 32e13c04c58d5424396dd2d4aee8c3b3, type: 3}
      propertyPath: m_LocalRotation.w
      value: 1
      objectReference: {fileID: 0}
    - target: {fileID: 76075622, guid: 32e13c04c58d5424396dd2d4aee8c3b3, type: 3}
      propertyPath: m_RootOrder
      value: 11
      objectReference: {fileID: 0}
    - target: {fileID: 76075622, guid: 32e13c04c58d5424396dd2d4aee8c3b3, type: 3}
      propertyPath: m_LocalEulerAnglesHint.x
      value: 0
      objectReference: {fileID: 0}
    - target: {fileID: 76075622, guid: 32e13c04c58d5424396dd2d4aee8c3b3, type: 3}
      propertyPath: m_LocalEulerAnglesHint.y
      value: 0
      objectReference: {fileID: 0}
    - target: {fileID: 76075622, guid: 32e13c04c58d5424396dd2d4aee8c3b3, type: 3}
      propertyPath: m_LocalEulerAnglesHint.z
      value: 0
      objectReference: {fileID: 0}
    m_RemovedComponents: []
  m_SourcePrefab: {fileID: 100100000, guid: 32e13c04c58d5424396dd2d4aee8c3b3, type: 3}
--- !u!1001 &390668173302291141
PrefabInstance:
  m_ObjectHideFlags: 0
  serializedVersion: 2
  m_Modification:
    m_TransformParent: {fileID: 0}
    m_Modifications:
    - target: {fileID: 390668173747988882, guid: 9fd2975b9c8d9d44ba40192673d11e2c,
        type: 3}
      propertyPath: m_Name
      value: TrapFire2
      objectReference: {fileID: 0}
    - target: {fileID: 390668173747988893, guid: 9fd2975b9c8d9d44ba40192673d11e2c,
        type: 3}
      propertyPath: m_LocalPosition.x
      value: 1
      objectReference: {fileID: 0}
    - target: {fileID: 390668173747988893, guid: 9fd2975b9c8d9d44ba40192673d11e2c,
        type: 3}
      propertyPath: m_LocalPosition.y
      value: 0
      objectReference: {fileID: 0}
    - target: {fileID: 390668173747988893, guid: 9fd2975b9c8d9d44ba40192673d11e2c,
        type: 3}
      propertyPath: m_LocalPosition.z
      value: 13
      objectReference: {fileID: 0}
    - target: {fileID: 390668173747988893, guid: 9fd2975b9c8d9d44ba40192673d11e2c,
        type: 3}
      propertyPath: m_LocalRotation.x
      value: 0
      objectReference: {fileID: 0}
    - target: {fileID: 390668173747988893, guid: 9fd2975b9c8d9d44ba40192673d11e2c,
        type: 3}
      propertyPath: m_LocalRotation.y
      value: 0
      objectReference: {fileID: 0}
    - target: {fileID: 390668173747988893, guid: 9fd2975b9c8d9d44ba40192673d11e2c,
        type: 3}
      propertyPath: m_LocalRotation.z
      value: 0
      objectReference: {fileID: 0}
    - target: {fileID: 390668173747988893, guid: 9fd2975b9c8d9d44ba40192673d11e2c,
        type: 3}
      propertyPath: m_LocalRotation.w
      value: 1
      objectReference: {fileID: 0}
    - target: {fileID: 390668173747988893, guid: 9fd2975b9c8d9d44ba40192673d11e2c,
        type: 3}
      propertyPath: m_RootOrder
      value: 33
      objectReference: {fileID: 0}
    - target: {fileID: 390668173747988893, guid: 9fd2975b9c8d9d44ba40192673d11e2c,
        type: 3}
      propertyPath: m_LocalEulerAnglesHint.x
      value: 0
      objectReference: {fileID: 0}
    - target: {fileID: 390668173747988893, guid: 9fd2975b9c8d9d44ba40192673d11e2c,
        type: 3}
      propertyPath: m_LocalEulerAnglesHint.y
      value: 0
      objectReference: {fileID: 0}
    - target: {fileID: 390668173747988893, guid: 9fd2975b9c8d9d44ba40192673d11e2c,
        type: 3}
      propertyPath: m_LocalEulerAnglesHint.z
      value: 0
      objectReference: {fileID: 0}
    m_RemovedComponents: []
  m_SourcePrefab: {fileID: 100100000, guid: 9fd2975b9c8d9d44ba40192673d11e2c, type: 3}
--- !u!1001 &966920151869667661
PrefabInstance:
  m_ObjectHideFlags: 0
  serializedVersion: 2
  m_Modification:
    m_TransformParent: {fileID: 0}
    m_Modifications:
    - target: {fileID: 966920151991336694, guid: 9a4b93620d6a9bb47b2ffac25b8079fd,
        type: 3}
      propertyPath: m_Name
      value: TrapPrickle1
      objectReference: {fileID: 0}
    - target: {fileID: 966920151991336689, guid: 9a4b93620d6a9bb47b2ffac25b8079fd,
        type: 3}
      propertyPath: m_LocalPosition.x
      value: 2
      objectReference: {fileID: 0}
    - target: {fileID: 966920151991336689, guid: 9a4b93620d6a9bb47b2ffac25b8079fd,
        type: 3}
      propertyPath: m_LocalPosition.y
      value: 0
      objectReference: {fileID: 0}
    - target: {fileID: 966920151991336689, guid: 9a4b93620d6a9bb47b2ffac25b8079fd,
        type: 3}
      propertyPath: m_LocalPosition.z
      value: 12
      objectReference: {fileID: 0}
    - target: {fileID: 966920151991336689, guid: 9a4b93620d6a9bb47b2ffac25b8079fd,
        type: 3}
      propertyPath: m_LocalRotation.x
      value: 0
      objectReference: {fileID: 0}
    - target: {fileID: 966920151991336689, guid: 9a4b93620d6a9bb47b2ffac25b8079fd,
        type: 3}
      propertyPath: m_LocalRotation.y
      value: 0
      objectReference: {fileID: 0}
    - target: {fileID: 966920151991336689, guid: 9a4b93620d6a9bb47b2ffac25b8079fd,
        type: 3}
      propertyPath: m_LocalRotation.z
      value: 0
      objectReference: {fileID: 0}
    - target: {fileID: 966920151991336689, guid: 9a4b93620d6a9bb47b2ffac25b8079fd,
        type: 3}
      propertyPath: m_LocalRotation.w
      value: 1
      objectReference: {fileID: 0}
    - target: {fileID: 966920151991336689, guid: 9a4b93620d6a9bb47b2ffac25b8079fd,
        type: 3}
      propertyPath: m_RootOrder
      value: 27
      objectReference: {fileID: 0}
    - target: {fileID: 966920151991336689, guid: 9a4b93620d6a9bb47b2ffac25b8079fd,
        type: 3}
      propertyPath: m_LocalEulerAnglesHint.x
      value: 0
      objectReference: {fileID: 0}
    - target: {fileID: 966920151991336689, guid: 9a4b93620d6a9bb47b2ffac25b8079fd,
        type: 3}
      propertyPath: m_LocalEulerAnglesHint.y
      value: 0
      objectReference: {fileID: 0}
    - target: {fileID: 966920151991336689, guid: 9a4b93620d6a9bb47b2ffac25b8079fd,
        type: 3}
      propertyPath: m_LocalEulerAnglesHint.z
      value: 0
      objectReference: {fileID: 0}
    m_RemovedComponents: []
  m_SourcePrefab: {fileID: 100100000, guid: 9a4b93620d6a9bb47b2ffac25b8079fd, type: 3}
--- !u!1001 &1062905584990637615
PrefabInstance:
  m_ObjectHideFlags: 0
  serializedVersion: 2
  m_Modification:
    m_TransformParent: {fileID: 0}
    m_Modifications:
    - target: {fileID: 1062905583482757391, guid: 8a8a4ed6d2c15e84ea7f3d5dcd19345f,
        type: 3}
      propertyPath: m_Name
      value: TrapFire3
      objectReference: {fileID: 0}
    - target: {fileID: 1062905583482757390, guid: 8a8a4ed6d2c15e84ea7f3d5dcd19345f,
        type: 3}
      propertyPath: m_LocalPosition.x
      value: 2
      objectReference: {fileID: 0}
    - target: {fileID: 1062905583482757390, guid: 8a8a4ed6d2c15e84ea7f3d5dcd19345f,
        type: 3}
      propertyPath: m_LocalPosition.y
      value: 0
      objectReference: {fileID: 0}
    - target: {fileID: 1062905583482757390, guid: 8a8a4ed6d2c15e84ea7f3d5dcd19345f,
        type: 3}
      propertyPath: m_LocalPosition.z
      value: 13
      objectReference: {fileID: 0}
    - target: {fileID: 1062905583482757390, guid: 8a8a4ed6d2c15e84ea7f3d5dcd19345f,
        type: 3}
      propertyPath: m_LocalRotation.x
      value: 0
      objectReference: {fileID: 0}
    - target: {fileID: 1062905583482757390, guid: 8a8a4ed6d2c15e84ea7f3d5dcd19345f,
        type: 3}
      propertyPath: m_LocalRotation.y
      value: 0
      objectReference: {fileID: 0}
    - target: {fileID: 1062905583482757390, guid: 8a8a4ed6d2c15e84ea7f3d5dcd19345f,
        type: 3}
      propertyPath: m_LocalRotation.z
      value: 0
      objectReference: {fileID: 0}
    - target: {fileID: 1062905583482757390, guid: 8a8a4ed6d2c15e84ea7f3d5dcd19345f,
        type: 3}
      propertyPath: m_LocalRotation.w
      value: 1
      objectReference: {fileID: 0}
    - target: {fileID: 1062905583482757390, guid: 8a8a4ed6d2c15e84ea7f3d5dcd19345f,
        type: 3}
      propertyPath: m_RootOrder
      value: 34
      objectReference: {fileID: 0}
    - target: {fileID: 1062905583482757390, guid: 8a8a4ed6d2c15e84ea7f3d5dcd19345f,
        type: 3}
      propertyPath: m_LocalEulerAnglesHint.x
      value: 0
      objectReference: {fileID: 0}
    - target: {fileID: 1062905583482757390, guid: 8a8a4ed6d2c15e84ea7f3d5dcd19345f,
        type: 3}
      propertyPath: m_LocalEulerAnglesHint.y
      value: 0
      objectReference: {fileID: 0}
    - target: {fileID: 1062905583482757390, guid: 8a8a4ed6d2c15e84ea7f3d5dcd19345f,
        type: 3}
      propertyPath: m_LocalEulerAnglesHint.z
      value: 0
      objectReference: {fileID: 0}
    m_RemovedComponents: []
  m_SourcePrefab: {fileID: 100100000, guid: 8a8a4ed6d2c15e84ea7f3d5dcd19345f, type: 3}
--- !u!1001 &1248277977014790656
PrefabInstance:
  m_ObjectHideFlags: 0
  serializedVersion: 2
  m_Modification:
    m_TransformParent: {fileID: 0}
    m_Modifications:
    - target: {fileID: 1894275214279924145, guid: 76cf16ecdb74f374aa1a5dff197e7ecf,
        type: 3}
      propertyPath: m_Name
      value: TrapPrickle5
      objectReference: {fileID: 0}
    - target: {fileID: 3313741063267040546, guid: 76cf16ecdb74f374aa1a5dff197e7ecf,
        type: 3}
      propertyPath: m_LocalPosition.x
      value: 2
      objectReference: {fileID: 0}
    - target: {fileID: 3313741063267040546, guid: 76cf16ecdb74f374aa1a5dff197e7ecf,
        type: 3}
      propertyPath: m_LocalPosition.y
      value: 0
      objectReference: {fileID: 0}
    - target: {fileID: 3313741063267040546, guid: 76cf16ecdb74f374aa1a5dff197e7ecf,
        type: 3}
      propertyPath: m_LocalPosition.z
      value: 11
      objectReference: {fileID: 0}
    - target: {fileID: 3313741063267040546, guid: 76cf16ecdb74f374aa1a5dff197e7ecf,
        type: 3}
      propertyPath: m_LocalRotation.x
      value: 0
      objectReference: {fileID: 0}
    - target: {fileID: 3313741063267040546, guid: 76cf16ecdb74f374aa1a5dff197e7ecf,
        type: 3}
      propertyPath: m_LocalRotation.y
      value: 0
      objectReference: {fileID: 0}
    - target: {fileID: 3313741063267040546, guid: 76cf16ecdb74f374aa1a5dff197e7ecf,
        type: 3}
      propertyPath: m_LocalRotation.z
      value: 0
      objectReference: {fileID: 0}
    - target: {fileID: 3313741063267040546, guid: 76cf16ecdb74f374aa1a5dff197e7ecf,
        type: 3}
      propertyPath: m_LocalRotation.w
      value: 1
      objectReference: {fileID: 0}
    - target: {fileID: 3313741063267040546, guid: 76cf16ecdb74f374aa1a5dff197e7ecf,
        type: 3}
      propertyPath: m_RootOrder
      value: 30
      objectReference: {fileID: 0}
    - target: {fileID: 3313741063267040546, guid: 76cf16ecdb74f374aa1a5dff197e7ecf,
        type: 3}
      propertyPath: m_LocalEulerAnglesHint.x
      value: 0
      objectReference: {fileID: 0}
    - target: {fileID: 3313741063267040546, guid: 76cf16ecdb74f374aa1a5dff197e7ecf,
        type: 3}
      propertyPath: m_LocalEulerAnglesHint.y
      value: 0
      objectReference: {fileID: 0}
    - target: {fileID: 3313741063267040546, guid: 76cf16ecdb74f374aa1a5dff197e7ecf,
        type: 3}
      propertyPath: m_LocalEulerAnglesHint.z
      value: 0
      objectReference: {fileID: 0}
    m_RemovedComponents: []
  m_SourcePrefab: {fileID: 100100000, guid: 76cf16ecdb74f374aa1a5dff197e7ecf, type: 3}
--- !u!1001 &2630888110633692763
PrefabInstance:
  m_ObjectHideFlags: 0
  serializedVersion: 2
  m_Modification:
    m_TransformParent: {fileID: 0}
    m_Modifications:
    - target: {fileID: 1322931858294397848, guid: 7a74d55b165866c4297a3aa1d4c0478c,
        type: 3}
      propertyPath: m_Name
      value: TrapPrickle6
      objectReference: {fileID: 0}
    - target: {fileID: 3688363541440900638, guid: 7a74d55b165866c4297a3aa1d4c0478c,
        type: 3}
      propertyPath: m_LocalPosition.x
      value: 1
      objectReference: {fileID: 0}
    - target: {fileID: 3688363541440900638, guid: 7a74d55b165866c4297a3aa1d4c0478c,
        type: 3}
      propertyPath: m_LocalPosition.y
      value: 0
      objectReference: {fileID: 0}
    - target: {fileID: 3688363541440900638, guid: 7a74d55b165866c4297a3aa1d4c0478c,
        type: 3}
      propertyPath: m_LocalPosition.z
      value: 12
      objectReference: {fileID: 0}
    - target: {fileID: 3688363541440900638, guid: 7a74d55b165866c4297a3aa1d4c0478c,
        type: 3}
      propertyPath: m_LocalRotation.x
      value: 0
      objectReference: {fileID: 0}
    - target: {fileID: 3688363541440900638, guid: 7a74d55b165866c4297a3aa1d4c0478c,
        type: 3}
      propertyPath: m_LocalRotation.y
      value: 0
      objectReference: {fileID: 0}
    - target: {fileID: 3688363541440900638, guid: 7a74d55b165866c4297a3aa1d4c0478c,
        type: 3}
      propertyPath: m_LocalRotation.z
      value: 0
      objectReference: {fileID: 0}
    - target: {fileID: 3688363541440900638, guid: 7a74d55b165866c4297a3aa1d4c0478c,
        type: 3}
      propertyPath: m_LocalRotation.w
      value: 1
      objectReference: {fileID: 0}
    - target: {fileID: 3688363541440900638, guid: 7a74d55b165866c4297a3aa1d4c0478c,
        type: 3}
      propertyPath: m_RootOrder
      value: 31
      objectReference: {fileID: 0}
    - target: {fileID: 3688363541440900638, guid: 7a74d55b165866c4297a3aa1d4c0478c,
        type: 3}
      propertyPath: m_LocalEulerAnglesHint.x
      value: 0
      objectReference: {fileID: 0}
    - target: {fileID: 3688363541440900638, guid: 7a74d55b165866c4297a3aa1d4c0478c,
        type: 3}
      propertyPath: m_LocalEulerAnglesHint.y
      value: 0
      objectReference: {fileID: 0}
    - target: {fileID: 3688363541440900638, guid: 7a74d55b165866c4297a3aa1d4c0478c,
        type: 3}
      propertyPath: m_LocalEulerAnglesHint.z
      value: 0
      objectReference: {fileID: 0}
    m_RemovedComponents: []
  m_SourcePrefab: {fileID: 100100000, guid: 7a74d55b165866c4297a3aa1d4c0478c, type: 3}
--- !u!1001 &2960637593670878937
PrefabInstance:
  m_ObjectHideFlags: 0
  serializedVersion: 2
  m_Modification:
    m_TransformParent: {fileID: 0}
    m_Modifications:
    - target: {fileID: 2960637595261079863, guid: 0b93117e428db754b9f91f0465042e10,
        type: 3}
      propertyPath: m_Name
      value: TrapFire5
      objectReference: {fileID: 0}
    - target: {fileID: 2960637595261079862, guid: 0b93117e428db754b9f91f0465042e10,
        type: 3}
      propertyPath: m_LocalPosition.x
      value: 1
      objectReference: {fileID: 0}
    - target: {fileID: 2960637595261079862, guid: 0b93117e428db754b9f91f0465042e10,
        type: 3}
      propertyPath: m_LocalPosition.y
      value: 0
      objectReference: {fileID: 0}
    - target: {fileID: 2960637595261079862, guid: 0b93117e428db754b9f91f0465042e10,
        type: 3}
      propertyPath: m_LocalPosition.z
      value: 14
      objectReference: {fileID: 0}
    - target: {fileID: 2960637595261079862, guid: 0b93117e428db754b9f91f0465042e10,
        type: 3}
      propertyPath: m_LocalRotation.x
      value: 0
      objectReference: {fileID: 0}
    - target: {fileID: 2960637595261079862, guid: 0b93117e428db754b9f91f0465042e10,
        type: 3}
      propertyPath: m_LocalRotation.y
      value: 0
      objectReference: {fileID: 0}
    - target: {fileID: 2960637595261079862, guid: 0b93117e428db754b9f91f0465042e10,
        type: 3}
      propertyPath: m_LocalRotation.z
      value: 0
      objectReference: {fileID: 0}
    - target: {fileID: 2960637595261079862, guid: 0b93117e428db754b9f91f0465042e10,
        type: 3}
      propertyPath: m_LocalRotation.w
      value: 1
      objectReference: {fileID: 0}
    - target: {fileID: 2960637595261079862, guid: 0b93117e428db754b9f91f0465042e10,
        type: 3}
      propertyPath: m_RootOrder
      value: 36
      objectReference: {fileID: 0}
    - target: {fileID: 2960637595261079862, guid: 0b93117e428db754b9f91f0465042e10,
        type: 3}
      propertyPath: m_LocalEulerAnglesHint.x
      value: 0
      objectReference: {fileID: 0}
    - target: {fileID: 2960637595261079862, guid: 0b93117e428db754b9f91f0465042e10,
        type: 3}
      propertyPath: m_LocalEulerAnglesHint.y
      value: 0
      objectReference: {fileID: 0}
    - target: {fileID: 2960637595261079862, guid: 0b93117e428db754b9f91f0465042e10,
        type: 3}
      propertyPath: m_LocalEulerAnglesHint.z
      value: 0
      objectReference: {fileID: 0}
    m_RemovedComponents: []
  m_SourcePrefab: {fileID: 100100000, guid: 0b93117e428db754b9f91f0465042e10, type: 3}
--- !u!1001 &3006016144062875911
PrefabInstance:
  m_ObjectHideFlags: 0
  serializedVersion: 2
  m_Modification:
    m_TransformParent: {fileID: 0}
    m_Modifications:
    - target: {fileID: 3006016144658894665, guid: 1be0872eaf22ac34c97718bf70e95d4d,
        type: 3}
      propertyPath: m_Name
      value: TrapPrickle2
      objectReference: {fileID: 0}
    - target: {fileID: 3006016144658894664, guid: 1be0872eaf22ac34c97718bf70e95d4d,
        type: 3}
      propertyPath: m_LocalPosition.x
      value: 0
      objectReference: {fileID: 0}
    - target: {fileID: 3006016144658894664, guid: 1be0872eaf22ac34c97718bf70e95d4d,
        type: 3}
      propertyPath: m_LocalPosition.y
      value: 0
      objectReference: {fileID: 0}
    - target: {fileID: 3006016144658894664, guid: 1be0872eaf22ac34c97718bf70e95d4d,
        type: 3}
      propertyPath: m_LocalPosition.z
      value: 12
      objectReference: {fileID: 0}
    - target: {fileID: 3006016144658894664, guid: 1be0872eaf22ac34c97718bf70e95d4d,
        type: 3}
      propertyPath: m_LocalRotation.x
      value: 0
      objectReference: {fileID: 0}
    - target: {fileID: 3006016144658894664, guid: 1be0872eaf22ac34c97718bf70e95d4d,
        type: 3}
      propertyPath: m_LocalRotation.y
      value: 0
      objectReference: {fileID: 0}
    - target: {fileID: 3006016144658894664, guid: 1be0872eaf22ac34c97718bf70e95d4d,
        type: 3}
      propertyPath: m_LocalRotation.z
      value: 0
      objectReference: {fileID: 0}
    - target: {fileID: 3006016144658894664, guid: 1be0872eaf22ac34c97718bf70e95d4d,
        type: 3}
      propertyPath: m_LocalRotation.w
      value: 1
      objectReference: {fileID: 0}
    - target: {fileID: 3006016144658894664, guid: 1be0872eaf22ac34c97718bf70e95d4d,
        type: 3}
      propertyPath: m_RootOrder
      value: 25
      objectReference: {fileID: 0}
    - target: {fileID: 3006016144658894664, guid: 1be0872eaf22ac34c97718bf70e95d4d,
        type: 3}
      propertyPath: m_LocalEulerAnglesHint.x
      value: 0
      objectReference: {fileID: 0}
    - target: {fileID: 3006016144658894664, guid: 1be0872eaf22ac34c97718bf70e95d4d,
        type: 3}
      propertyPath: m_LocalEulerAnglesHint.y
      value: 0
      objectReference: {fileID: 0}
    - target: {fileID: 3006016144658894664, guid: 1be0872eaf22ac34c97718bf70e95d4d,
        type: 3}
      propertyPath: m_LocalEulerAnglesHint.z
      value: 0
      objectReference: {fileID: 0}
    m_RemovedComponents: []
  m_SourcePrefab: {fileID: 100100000, guid: 1be0872eaf22ac34c97718bf70e95d4d, type: 3}
--- !u!1001 &3547788659319069052
PrefabInstance:
  m_ObjectHideFlags: 0
  serializedVersion: 2
  m_Modification:
    m_TransformParent: {fileID: 0}
    m_Modifications:
    - target: {fileID: 3547788659266582765, guid: 0bf5aff64d04dd844987443ccb90c18c,
        type: 3}
      propertyPath: m_Name
      value: Cube_Grass1
      objectReference: {fileID: 0}
    - target: {fileID: 3547788659266582760, guid: 0bf5aff64d04dd844987443ccb90c18c,
        type: 3}
      propertyPath: m_LocalPosition.x
      value: 0
      objectReference: {fileID: 0}
    - target: {fileID: 3547788659266582760, guid: 0bf5aff64d04dd844987443ccb90c18c,
        type: 3}
      propertyPath: m_LocalPosition.y
      value: 0
      objectReference: {fileID: 0}
    - target: {fileID: 3547788659266582760, guid: 0bf5aff64d04dd844987443ccb90c18c,
        type: 3}
      propertyPath: m_LocalPosition.z
      value: 4
      objectReference: {fileID: 0}
    - target: {fileID: 3547788659266582760, guid: 0bf5aff64d04dd844987443ccb90c18c,
        type: 3}
      propertyPath: m_LocalRotation.x
      value: 0
      objectReference: {fileID: 0}
    - target: {fileID: 3547788659266582760, guid: 0bf5aff64d04dd844987443ccb90c18c,
        type: 3}
      propertyPath: m_LocalRotation.y
      value: 0
      objectReference: {fileID: 0}
    - target: {fileID: 3547788659266582760, guid: 0bf5aff64d04dd844987443ccb90c18c,
        type: 3}
      propertyPath: m_LocalRotation.z
      value: 0
      objectReference: {fileID: 0}
    - target: {fileID: 3547788659266582760, guid: 0bf5aff64d04dd844987443ccb90c18c,
        type: 3}
      propertyPath: m_LocalRotation.w
      value: 1
      objectReference: {fileID: 0}
    - target: {fileID: 3547788659266582760, guid: 0bf5aff64d04dd844987443ccb90c18c,
        type: 3}
      propertyPath: m_RootOrder
      value: 23
      objectReference: {fileID: 0}
    - target: {fileID: 3547788659266582760, guid: 0bf5aff64d04dd844987443ccb90c18c,
        type: 3}
      propertyPath: m_LocalEulerAnglesHint.x
      value: 0
      objectReference: {fileID: 0}
    - target: {fileID: 3547788659266582760, guid: 0bf5aff64d04dd844987443ccb90c18c,
        type: 3}
      propertyPath: m_LocalEulerAnglesHint.y
      value: 0
      objectReference: {fileID: 0}
    - target: {fileID: 3547788659266582760, guid: 0bf5aff64d04dd844987443ccb90c18c,
        type: 3}
      propertyPath: m_LocalEulerAnglesHint.z
      value: 0
      objectReference: {fileID: 0}
    m_RemovedComponents: []
  m_SourcePrefab: {fileID: 100100000, guid: 0bf5aff64d04dd844987443ccb90c18c, type: 3}
--- !u!1001 &3662289317053042416
PrefabInstance:
  m_ObjectHideFlags: 0
  serializedVersion: 2
  m_Modification:
    m_TransformParent: {fileID: 0}
    m_Modifications:
    - target: {fileID: 3662289316447216263, guid: 88fb3f10a03bcfb4fa18b29a729e22e8,
        type: 3}
      propertyPath: m_Name
      value: TrapFire6
      objectReference: {fileID: 0}
    - target: {fileID: 3662289316447216264, guid: 88fb3f10a03bcfb4fa18b29a729e22e8,
        type: 3}
      propertyPath: m_LocalPosition.x
      value: 2
      objectReference: {fileID: 0}
    - target: {fileID: 3662289316447216264, guid: 88fb3f10a03bcfb4fa18b29a729e22e8,
        type: 3}
      propertyPath: m_LocalPosition.y
      value: 0
      objectReference: {fileID: 0}
    - target: {fileID: 3662289316447216264, guid: 88fb3f10a03bcfb4fa18b29a729e22e8,
        type: 3}
      propertyPath: m_LocalPosition.z
      value: 14
      objectReference: {fileID: 0}
    - target: {fileID: 3662289316447216264, guid: 88fb3f10a03bcfb4fa18b29a729e22e8,
        type: 3}
      propertyPath: m_LocalRotation.x
      value: 0
      objectReference: {fileID: 0}
    - target: {fileID: 3662289316447216264, guid: 88fb3f10a03bcfb4fa18b29a729e22e8,
        type: 3}
      propertyPath: m_LocalRotation.y
      value: 0
      objectReference: {fileID: 0}
    - target: {fileID: 3662289316447216264, guid: 88fb3f10a03bcfb4fa18b29a729e22e8,
        type: 3}
      propertyPath: m_LocalRotation.z
      value: 0
      objectReference: {fileID: 0}
    - target: {fileID: 3662289316447216264, guid: 88fb3f10a03bcfb4fa18b29a729e22e8,
        type: 3}
      propertyPath: m_LocalRotation.w
      value: 1
      objectReference: {fileID: 0}
    - target: {fileID: 3662289316447216264, guid: 88fb3f10a03bcfb4fa18b29a729e22e8,
        type: 3}
      propertyPath: m_RootOrder
      value: 37
      objectReference: {fileID: 0}
    - target: {fileID: 3662289316447216264, guid: 88fb3f10a03bcfb4fa18b29a729e22e8,
        type: 3}
      propertyPath: m_LocalEulerAnglesHint.x
      value: 0
      objectReference: {fileID: 0}
    - target: {fileID: 3662289316447216264, guid: 88fb3f10a03bcfb4fa18b29a729e22e8,
        type: 3}
      propertyPath: m_LocalEulerAnglesHint.y
      value: 0
      objectReference: {fileID: 0}
    - target: {fileID: 3662289316447216264, guid: 88fb3f10a03bcfb4fa18b29a729e22e8,
        type: 3}
      propertyPath: m_LocalEulerAnglesHint.z
      value: 0
      objectReference: {fileID: 0}
    m_RemovedComponents: []
  m_SourcePrefab: {fileID: 100100000, guid: 88fb3f10a03bcfb4fa18b29a729e22e8, type: 3}
--- !u!1001 &4174914874949565297
PrefabInstance:
  m_ObjectHideFlags: 0
  serializedVersion: 2
  m_Modification:
    m_TransformParent: {fileID: 0}
    m_Modifications:
    - target: {fileID: 4174914874892094011, guid: 3e2afc6dcd200eb49970ab3b3602f9b4,
        type: 3}
      propertyPath: m_Name
      value: TrapFire7
      objectReference: {fileID: 0}
    - target: {fileID: 4174914874892094010, guid: 3e2afc6dcd200eb49970ab3b3602f9b4,
        type: 3}
      propertyPath: m_LocalPosition.x
      value: 0
      objectReference: {fileID: 0}
    - target: {fileID: 4174914874892094010, guid: 3e2afc6dcd200eb49970ab3b3602f9b4,
        type: 3}
      propertyPath: m_LocalPosition.y
      value: 0
      objectReference: {fileID: 0}
    - target: {fileID: 4174914874892094010, guid: 3e2afc6dcd200eb49970ab3b3602f9b4,
        type: 3}
      propertyPath: m_LocalPosition.z
      value: 13
      objectReference: {fileID: 0}
    - target: {fileID: 4174914874892094010, guid: 3e2afc6dcd200eb49970ab3b3602f9b4,
        type: 3}
      propertyPath: m_LocalRotation.x
      value: 0
      objectReference: {fileID: 0}
    - target: {fileID: 4174914874892094010, guid: 3e2afc6dcd200eb49970ab3b3602f9b4,
        type: 3}
      propertyPath: m_LocalRotation.y
      value: 0
      objectReference: {fileID: 0}
    - target: {fileID: 4174914874892094010, guid: 3e2afc6dcd200eb49970ab3b3602f9b4,
        type: 3}
      propertyPath: m_LocalRotation.z
      value: 0
      objectReference: {fileID: 0}
    - target: {fileID: 4174914874892094010, guid: 3e2afc6dcd200eb49970ab3b3602f9b4,
        type: 3}
      propertyPath: m_LocalRotation.w
      value: 1
      objectReference: {fileID: 0}
    - target: {fileID: 4174914874892094010, guid: 3e2afc6dcd200eb49970ab3b3602f9b4,
        type: 3}
      propertyPath: m_RootOrder
      value: 38
      objectReference: {fileID: 0}
    - target: {fileID: 4174914874892094010, guid: 3e2afc6dcd200eb49970ab3b3602f9b4,
        type: 3}
      propertyPath: m_LocalEulerAnglesHint.x
      value: 0
      objectReference: {fileID: 0}
    - target: {fileID: 4174914874892094010, guid: 3e2afc6dcd200eb49970ab3b3602f9b4,
        type: 3}
      propertyPath: m_LocalEulerAnglesHint.y
      value: 0
      objectReference: {fileID: 0}
    - target: {fileID: 4174914874892094010, guid: 3e2afc6dcd200eb49970ab3b3602f9b4,
        type: 3}
      propertyPath: m_LocalEulerAnglesHint.z
      value: 0
      objectReference: {fileID: 0}
    m_RemovedComponents: []
  m_SourcePrefab: {fileID: 100100000, guid: 3e2afc6dcd200eb49970ab3b3602f9b4, type: 3}
--- !u!1001 &4782599445090251335
PrefabInstance:
  m_ObjectHideFlags: 0
  serializedVersion: 2
  m_Modification:
    m_TransformParent: {fileID: 0}
    m_Modifications:
    - target: {fileID: 4782599444569312611, guid: d35ff8afd19c47b46847398daf37b4ce,
        type: 3}
      propertyPath: m_Name
      value: TrapFire4
      objectReference: {fileID: 0}
    - target: {fileID: 4782599444569312610, guid: d35ff8afd19c47b46847398daf37b4ce,
        type: 3}
      propertyPath: m_LocalPosition.x
      value: 3
      objectReference: {fileID: 0}
    - target: {fileID: 4782599444569312610, guid: d35ff8afd19c47b46847398daf37b4ce,
        type: 3}
      propertyPath: m_LocalPosition.y
      value: 0
      objectReference: {fileID: 0}
    - target: {fileID: 4782599444569312610, guid: d35ff8afd19c47b46847398daf37b4ce,
        type: 3}
      propertyPath: m_LocalPosition.z
      value: 13
      objectReference: {fileID: 0}
    - target: {fileID: 4782599444569312610, guid: d35ff8afd19c47b46847398daf37b4ce,
        type: 3}
      propertyPath: m_LocalRotation.x
      value: 0
      objectReference: {fileID: 0}
    - target: {fileID: 4782599444569312610, guid: d35ff8afd19c47b46847398daf37b4ce,
        type: 3}
      propertyPath: m_LocalRotation.y
      value: 0
      objectReference: {fileID: 0}
    - target: {fileID: 4782599444569312610, guid: d35ff8afd19c47b46847398daf37b4ce,
        type: 3}
      propertyPath: m_LocalRotation.z
      value: 0
      objectReference: {fileID: 0}
    - target: {fileID: 4782599444569312610, guid: d35ff8afd19c47b46847398daf37b4ce,
        type: 3}
      propertyPath: m_LocalRotation.w
      value: 1
      objectReference: {fileID: 0}
    - target: {fileID: 4782599444569312610, guid: d35ff8afd19c47b46847398daf37b4ce,
        type: 3}
      propertyPath: m_RootOrder
      value: 35
      objectReference: {fileID: 0}
    - target: {fileID: 4782599444569312610, guid: d35ff8afd19c47b46847398daf37b4ce,
        type: 3}
      propertyPath: m_LocalEulerAnglesHint.x
      value: 0
      objectReference: {fileID: 0}
    - target: {fileID: 4782599444569312610, guid: d35ff8afd19c47b46847398daf37b4ce,
        type: 3}
      propertyPath: m_LocalEulerAnglesHint.y
      value: 0
      objectReference: {fileID: 0}
    - target: {fileID: 4782599444569312610, guid: d35ff8afd19c47b46847398daf37b4ce,
        type: 3}
      propertyPath: m_LocalEulerAnglesHint.z
      value: 0
      objectReference: {fileID: 0}
    m_RemovedComponents: []
  m_SourcePrefab: {fileID: 100100000, guid: d35ff8afd19c47b46847398daf37b4ce, type: 3}
--- !u!1001 &5756158309017776254
PrefabInstance:
  m_ObjectHideFlags: 0
  serializedVersion: 2
  m_Modification:
    m_TransformParent: {fileID: 0}
    m_Modifications:
    - target: {fileID: 5756158309454683873, guid: 2b624e29bcdc55a4996f00735955b4ae,
        type: 3}
      propertyPath: m_Name
      value: TrapPrickle4
      objectReference: {fileID: 0}
    - target: {fileID: 5756158309454683870, guid: 2b624e29bcdc55a4996f00735955b4ae,
        type: 3}
      propertyPath: m_LocalPosition.x
      value: 1
      objectReference: {fileID: 0}
    - target: {fileID: 5756158309454683870, guid: 2b624e29bcdc55a4996f00735955b4ae,
        type: 3}
      propertyPath: m_LocalPosition.y
      value: 0
      objectReference: {fileID: 0}
    - target: {fileID: 5756158309454683870, guid: 2b624e29bcdc55a4996f00735955b4ae,
        type: 3}
      propertyPath: m_LocalPosition.z
      value: 11
      objectReference: {fileID: 0}
    - target: {fileID: 5756158309454683870, guid: 2b624e29bcdc55a4996f00735955b4ae,
        type: 3}
      propertyPath: m_LocalRotation.x
      value: 0
      objectReference: {fileID: 0}
    - target: {fileID: 5756158309454683870, guid: 2b624e29bcdc55a4996f00735955b4ae,
        type: 3}
      propertyPath: m_LocalRotation.y
      value: 0
      objectReference: {fileID: 0}
    - target: {fileID: 5756158309454683870, guid: 2b624e29bcdc55a4996f00735955b4ae,
        type: 3}
      propertyPath: m_LocalRotation.z
      value: 0
      objectReference: {fileID: 0}
    - target: {fileID: 5756158309454683870, guid: 2b624e29bcdc55a4996f00735955b4ae,
        type: 3}
      propertyPath: m_LocalRotation.w
      value: 1
      objectReference: {fileID: 0}
    - target: {fileID: 5756158309454683870, guid: 2b624e29bcdc55a4996f00735955b4ae,
        type: 3}
      propertyPath: m_RootOrder
      value: 29
      objectReference: {fileID: 0}
    - target: {fileID: 5756158309454683870, guid: 2b624e29bcdc55a4996f00735955b4ae,
        type: 3}
      propertyPath: m_LocalEulerAnglesHint.x
      value: 0
      objectReference: {fileID: 0}
    - target: {fileID: 5756158309454683870, guid: 2b624e29bcdc55a4996f00735955b4ae,
        type: 3}
      propertyPath: m_LocalEulerAnglesHint.y
      value: 0
      objectReference: {fileID: 0}
    - target: {fileID: 5756158309454683870, guid: 2b624e29bcdc55a4996f00735955b4ae,
        type: 3}
      propertyPath: m_LocalEulerAnglesHint.z
      value: 0
      objectReference: {fileID: 0}
    m_RemovedComponents: []
  m_SourcePrefab: {fileID: 100100000, guid: 2b624e29bcdc55a4996f00735955b4ae, type: 3}
--- !u!1001 &5774318328448124050
PrefabInstance:
  m_ObjectHideFlags: 0
  serializedVersion: 2
  m_Modification:
    m_TransformParent: {fileID: 0}
    m_Modifications:
    - target: {fileID: 5362665627024968532, guid: d8f2b19248025c14f8665c08b9d02371,
        type: 3}
      propertyPath: m_Name
      value: TrapPrickle7
      objectReference: {fileID: 0}
    - target: {fileID: 671450074543476004, guid: d8f2b19248025c14f8665c08b9d02371,
        type: 3}
      propertyPath: m_LocalPosition.x
      value: 3
      objectReference: {fileID: 0}
    - target: {fileID: 671450074543476004, guid: d8f2b19248025c14f8665c08b9d02371,
        type: 3}
      propertyPath: m_LocalPosition.y
      value: 0
      objectReference: {fileID: 0}
    - target: {fileID: 671450074543476004, guid: d8f2b19248025c14f8665c08b9d02371,
        type: 3}
      propertyPath: m_LocalPosition.z
      value: 11
      objectReference: {fileID: 0}
    - target: {fileID: 671450074543476004, guid: d8f2b19248025c14f8665c08b9d02371,
        type: 3}
      propertyPath: m_LocalRotation.x
      value: 0
      objectReference: {fileID: 0}
    - target: {fileID: 671450074543476004, guid: d8f2b19248025c14f8665c08b9d02371,
        type: 3}
      propertyPath: m_LocalRotation.y
      value: 0
      objectReference: {fileID: 0}
    - target: {fileID: 671450074543476004, guid: d8f2b19248025c14f8665c08b9d02371,
        type: 3}
      propertyPath: m_LocalRotation.z
      value: 0
      objectReference: {fileID: 0}
    - target: {fileID: 671450074543476004, guid: d8f2b19248025c14f8665c08b9d02371,
        type: 3}
      propertyPath: m_LocalRotation.w
      value: 1
      objectReference: {fileID: 0}
    - target: {fileID: 671450074543476004, guid: d8f2b19248025c14f8665c08b9d02371,
        type: 3}
      propertyPath: m_RootOrder
      value: 32
      objectReference: {fileID: 0}
    - target: {fileID: 671450074543476004, guid: d8f2b19248025c14f8665c08b9d02371,
        type: 3}
      propertyPath: m_LocalEulerAnglesHint.x
      value: 0
      objectReference: {fileID: 0}
    - target: {fileID: 671450074543476004, guid: d8f2b19248025c14f8665c08b9d02371,
        type: 3}
      propertyPath: m_LocalEulerAnglesHint.y
      value: 0
      objectReference: {fileID: 0}
    - target: {fileID: 671450074543476004, guid: d8f2b19248025c14f8665c08b9d02371,
        type: 3}
      propertyPath: m_LocalEulerAnglesHint.z
      value: 0
      objectReference: {fileID: 0}
    m_RemovedComponents: []
  m_SourcePrefab: {fileID: 100100000, guid: d8f2b19248025c14f8665c08b9d02371, type: 3}
--- !u!1001 &5811250008088269146
PrefabInstance:
  m_ObjectHideFlags: 0
  serializedVersion: 2
  m_Modification:
    m_TransformParent: {fileID: 0}
    m_Modifications:
    - target: {fileID: 7431899127736610623, guid: 648d4a16db5e2b546bfccae84bf61e06,
        type: 3}
      propertyPath: m_Name
      value: TrapPrickle3
      objectReference: {fileID: 0}
    - target: {fileID: 2379532875672367078, guid: 648d4a16db5e2b546bfccae84bf61e06,
        type: 3}
      propertyPath: m_LocalPosition.x
      value: 0
      objectReference: {fileID: 0}
    - target: {fileID: 2379532875672367078, guid: 648d4a16db5e2b546bfccae84bf61e06,
        type: 3}
      propertyPath: m_LocalPosition.y
      value: 0
      objectReference: {fileID: 0}
    - target: {fileID: 2379532875672367078, guid: 648d4a16db5e2b546bfccae84bf61e06,
        type: 3}
      propertyPath: m_LocalPosition.z
      value: 11
      objectReference: {fileID: 0}
    - target: {fileID: 2379532875672367078, guid: 648d4a16db5e2b546bfccae84bf61e06,
        type: 3}
      propertyPath: m_LocalRotation.x
      value: 0
      objectReference: {fileID: 0}
    - target: {fileID: 2379532875672367078, guid: 648d4a16db5e2b546bfccae84bf61e06,
        type: 3}
      propertyPath: m_LocalRotation.y
      value: 0
      objectReference: {fileID: 0}
    - target: {fileID: 2379532875672367078, guid: 648d4a16db5e2b546bfccae84bf61e06,
        type: 3}
      propertyPath: m_LocalRotation.z
      value: 0
      objectReference: {fileID: 0}
    - target: {fileID: 2379532875672367078, guid: 648d4a16db5e2b546bfccae84bf61e06,
        type: 3}
      propertyPath: m_LocalRotation.w
      value: 1
      objectReference: {fileID: 0}
    - target: {fileID: 2379532875672367078, guid: 648d4a16db5e2b546bfccae84bf61e06,
        type: 3}
      propertyPath: m_RootOrder
      value: 28
      objectReference: {fileID: 0}
    - target: {fileID: 2379532875672367078, guid: 648d4a16db5e2b546bfccae84bf61e06,
        type: 3}
      propertyPath: m_LocalEulerAnglesHint.x
      value: 0
      objectReference: {fileID: 0}
    - target: {fileID: 2379532875672367078, guid: 648d4a16db5e2b546bfccae84bf61e06,
        type: 3}
      propertyPath: m_LocalEulerAnglesHint.y
      value: 0
      objectReference: {fileID: 0}
    - target: {fileID: 2379532875672367078, guid: 648d4a16db5e2b546bfccae84bf61e06,
        type: 3}
      propertyPath: m_LocalEulerAnglesHint.z
      value: 0
      objectReference: {fileID: 0}
    m_RemovedComponents: []
  m_SourcePrefab: {fileID: 100100000, guid: 648d4a16db5e2b546bfccae84bf61e06, type: 3}
--- !u!1001 &7327325524466942298
PrefabInstance:
  m_ObjectHideFlags: 0
  serializedVersion: 2
  m_Modification:
    m_TransformParent: {fileID: 0}
    m_Modifications:
    - target: {fileID: 7327325524421995015, guid: 42846125c010b4941ad35f47c4bf9d97,
        type: 3}
      propertyPath: m_Name
      value: TrapFire1
      objectReference: {fileID: 0}
    - target: {fileID: 7327325524421995012, guid: 42846125c010b4941ad35f47c4bf9d97,
        type: 3}
      propertyPath: m_LocalPosition.x
      value: 0
      objectReference: {fileID: 0}
    - target: {fileID: 7327325524421995012, guid: 42846125c010b4941ad35f47c4bf9d97,
        type: 3}
      propertyPath: m_LocalPosition.y
      value: 0
      objectReference: {fileID: 0}
    - target: {fileID: 7327325524421995012, guid: 42846125c010b4941ad35f47c4bf9d97,
        type: 3}
      propertyPath: m_LocalPosition.z
      value: 14
      objectReference: {fileID: 0}
    - target: {fileID: 7327325524421995012, guid: 42846125c010b4941ad35f47c4bf9d97,
        type: 3}
      propertyPath: m_LocalRotation.x
      value: 0
      objectReference: {fileID: 0}
    - target: {fileID: 7327325524421995012, guid: 42846125c010b4941ad35f47c4bf9d97,
        type: 3}
      propertyPath: m_LocalRotation.y
      value: 0
      objectReference: {fileID: 0}
    - target: {fileID: 7327325524421995012, guid: 42846125c010b4941ad35f47c4bf9d97,
        type: 3}
      propertyPath: m_LocalRotation.z
      value: 0
      objectReference: {fileID: 0}
    - target: {fileID: 7327325524421995012, guid: 42846125c010b4941ad35f47c4bf9d97,
        type: 3}
      propertyPath: m_LocalRotation.w
      value: 1
      objectReference: {fileID: 0}
    - target: {fileID: 7327325524421995012, guid: 42846125c010b4941ad35f47c4bf9d97,
        type: 3}
      propertyPath: m_RootOrder
      value: 26
      objectReference: {fileID: 0}
    - target: {fileID: 7327325524421995012, guid: 42846125c010b4941ad35f47c4bf9d97,
        type: 3}
      propertyPath: m_LocalEulerAnglesHint.x
      value: 0
      objectReference: {fileID: 0}
    - target: {fileID: 7327325524421995012, guid: 42846125c010b4941ad35f47c4bf9d97,
        type: 3}
      propertyPath: m_LocalEulerAnglesHint.y
      value: 0
      objectReference: {fileID: 0}
    - target: {fileID: 7327325524421995012, guid: 42846125c010b4941ad35f47c4bf9d97,
        type: 3}
      propertyPath: m_LocalEulerAnglesHint.z
      value: 0
      objectReference: {fileID: 0}
    m_RemovedComponents: []
  m_SourcePrefab: {fileID: 100100000, guid: 42846125c010b4941ad35f47c4bf9d97, type: 3}
