%YAML 1.1
%TAG !u! tag:unity3d.com,2011:
--- !u!65 &7184357607842324075
BoxCollider:
  m_ObjectHideFlags: 0
  m_CorrespondingSourceObject: {fileID: 0}
  m_PrefabInstance: {fileID: 0}
  m_PrefabAsset: {fileID: 0}
  m_GameObject: {fileID: 1248277976854610369}
  m_Material: {fileID: 0}
  m_IsTrigger: 0
  m_Enabled: 1
  serializedVersion: 2
  m_Size: {x: 1.0000021, y: 0.8000008, z: 1.0000017}
  m_Center: {x: 0.00000062584877, y: -0.39999998, z: -0.00000011920929}
--- !u!1 &1894275214279924145
GameObject:
  m_ObjectHideFlags: 0
  m_CorrespondingSourceObject: {fileID: 0}
  m_PrefabInstance: {fileID: 0}
  m_PrefabAsset: {fileID: 0}
  serializedVersion: 6
  m_Component:
  - component: {fileID: 3313741063267040546}
  m_Layer: 0
  m_Name: TrapPrickle5
  m_TagString: Untagged
  m_Icon: {fileID: 0}
  m_NavMeshLayer: 0
  m_StaticEditorFlags: 0
  m_IsActive: 1
--- !u!4 &3313741063267040546
Transform:
  m_ObjectHideFlags: 0
  m_CorrespondingSourceObject: {fileID: 0}
  m_PrefabInstance: {fileID: 0}
  m_PrefabAsset: {fileID: 0}
  m_GameObject: {fileID: 1894275214279924145}
  m_LocalRotation: {x: 0, y: 0, z: 0, w: 1}
  m_LocalPosition: {x: 0, y: 0, z: 0}
  m_LocalScale: {x: 1, y: 1, z: 1}
  m_Children:
  - {fileID: 697623151446002101}
  - {fileID: 1248277976854548615}
  m_Father: {fileID: 0}
  m_RootOrder: 0
  m_LocalEulerAnglesHint: {x: 0, y: 0, z: 0}
--- !u!1 &9024952705041754732
GameObject:
  m_ObjectHideFlags: 0
  m_CorrespondingSourceObject: {fileID: 0}
  m_PrefabInstance: {fileID: 0}
  m_PrefabAsset: {fileID: 0}
  serializedVersion: 6
  m_Component:
  - component: {fileID: 697623151446002101}
  - component: {fileID: 7253299488703940103}
  - component: {fileID: 7730590058723112142}
  m_Layer: 0
  m_Name: Prickles
  m_TagString: Trap
  m_Icon: {fileID: 0}
  m_NavMeshLayer: 0
  m_StaticEditorFlags: 0
  m_IsActive: 1
--- !u!4 &697623151446002101
Transform:
  m_ObjectHideFlags: 0
  m_CorrespondingSourceObject: {fileID: 0}
  m_PrefabInstance: {fileID: 0}
  m_PrefabAsset: {fileID: 0}
  m_GameObject: {fileID: 9024952705041754732}
  m_LocalRotation: {x: -0, y: -0, z: -0, w: 1}
  m_LocalPosition: {x: 0.08447266, y: 0.5751953, z: 0.006347656}
  m_LocalScale: {x: 1, y: 1, z: 1}
  m_Children:
  - {fileID: 337050362294492386}
  - {fileID: 5371473700399231479}
  - {fileID: 7452906531328436536}
  - {fileID: 6372083743109510383}
  - {fileID: 4950028492834363916}
  - {fileID: 4519070563235766389}
  - {fileID: 2320069492040331042}
  - {fileID: 3369973902577167158}
  - {fileID: 7000033655890321543}
  - {fileID: 4124205955954935750}
  - {fileID: 15825717401142532}
  - {fileID: 2385484908543651147}
  - {fileID: 8032171869020306487}
  - {fileID: 5022082548444209547}
  - {fileID: 1435393706877048269}
  - {fileID: 9148736231222044278}
  m_Father: {fileID: 3313741063267040546}
  m_RootOrder: 0
  m_LocalEulerAnglesHint: {x: 0, y: 0, z: 0}
--- !u!95 &7253299488703940103
Animator:
  serializedVersion: 3
  m_ObjectHideFlags: 0
  m_CorrespondingSourceObject: {fileID: 0}
  m_PrefabInstance: {fileID: 0}
  m_PrefabAsset: {fileID: 0}
  m_GameObject: {fileID: 9024952705041754732}
  m_Enabled: 1
  m_Avatar: {fileID: 0}
  m_Controller: {fileID: 9100000, guid: 3dbc7f584d0868e4e94fdfa609b8d364, type: 2}
  m_CullingMode: 0
  m_UpdateMode: 0
  m_ApplyRootMotion: 0
  m_LinearVelocityBlending: 0
  m_WarningMessage: 
  m_HasTransformHierarchy: 1
  m_AllowConstantClipSamplingOptimization: 1
  m_KeepAnimatorControllerStateOnDisable: 0
--- !u!65 &7730590058723112142
BoxCollider:
  m_ObjectHideFlags: 0
  m_CorrespondingSourceObject: {fileID: 0}
  m_PrefabInstance: {fileID: 0}
  m_PrefabAsset: {fileID: 0}
  m_GameObject: {fileID: 9024952705041754732}
  m_Material: {fileID: 0}
  m_IsTrigger: 0
  m_Enabled: 1
  serializedVersion: 2
  m_Size: {x: 0.74288154, y: 0.73756194, z: 0.7961693}
  m_Center: {x: -0.08570607, y: -0.39905083, z: 0}
--- !u!1001 &15825717401259570
PrefabInstance:
  m_ObjectHideFlags: 0
  serializedVersion: 2
  m_Modification:
    m_TransformParent: {fileID: 697623151446002101}
    m_Modifications:
    - target: {fileID: 170498, guid: adeea2bb97a7dd540b24a35a90073f55, type: 3}
      propertyPath: m_Name
      value: Trap_Prickle_00 (11)
      objectReference: {fileID: 0}
    - target: {fileID: 412470, guid: adeea2bb97a7dd540b24a35a90073f55, type: 3}
      propertyPath: m_LocalPosition.x
      value: 0.21552736
      objectReference: {fileID: 0}
    - target: {fileID: 412470, guid: adeea2bb97a7dd540b24a35a90073f55, type: 3}
      propertyPath: m_LocalPosition.y
      value: -0.5751953
      objectReference: {fileID: 0}
    - target: {fileID: 412470, guid: adeea2bb97a7dd540b24a35a90073f55, type: 3}
      propertyPath: m_LocalPosition.z
      value: 0.29265234
      objectReference: {fileID: 0}
    - target: {fileID: 412470, guid: adeea2bb97a7dd540b24a35a90073f55, type: 3}
      propertyPath: m_LocalRotation.x
      value: -0
      objectReference: {fileID: 0}
    - target: {fileID: 412470, guid: adeea2bb97a7dd540b24a35a90073f55, type: 3}
      propertyPath: m_LocalRotation.y
      value: -0
      objectReference: {fileID: 0}
    - target: {fileID: 412470, guid: adeea2bb97a7dd540b24a35a90073f55, type: 3}
      propertyPath: m_LocalRotation.z
      value: -0
      objectReference: {fileID: 0}
    - target: {fileID: 412470, guid: adeea2bb97a7dd540b24a35a90073f55, type: 3}
      propertyPath: m_LocalRotation.w
      value: 1
      objectReference: {fileID: 0}
    - target: {fileID: 412470, guid: adeea2bb97a7dd540b24a35a90073f55, type: 3}
      propertyPath: m_RootOrder
      value: 10
      objectReference: {fileID: 0}
    - target: {fileID: 412470, guid: adeea2bb97a7dd540b24a35a90073f55, type: 3}
      propertyPath: m_LocalEulerAnglesHint.x
      value: 0
      objectReference: {fileID: 0}
    - target: {fileID: 412470, guid: adeea2bb97a7dd540b24a35a90073f55, type: 3}
      propertyPath: m_LocalEulerAnglesHint.y
      value: 0
      objectReference: {fileID: 0}
    - target: {fileID: 412470, guid: adeea2bb97a7dd540b24a35a90073f55, type: 3}
      propertyPath: m_LocalEulerAnglesHint.z
      value: 0
      objectReference: {fileID: 0}
    - target: {fileID: 2363752, guid: adeea2bb97a7dd540b24a35a90073f55, type: 3}
      propertyPath: m_Materials.Array.data[0]
      value: 
      objectReference: {fileID: 2100000, guid: 404c31d0792138543bda0411c79502fe, type: 2}
    m_RemovedComponents: []
  m_SourcePrefab: {fileID: 100100000, guid: adeea2bb97a7dd540b24a35a90073f55, type: 3}
--- !u!4 &15825717401142532 stripped
Transform:
  m_CorrespondingSourceObject: {fileID: 412470, guid: adeea2bb97a7dd540b24a35a90073f55,
    type: 3}
  m_PrefabInstance: {fileID: 15825717401259570}
  m_PrefabAsset: {fileID: 0}
--- !u!1001 &337050362294605780
PrefabInstance:
  m_ObjectHideFlags: 0
  serializedVersion: 2
  m_Modification:
    m_TransformParent: {fileID: 697623151446002101}
    m_Modifications:
    - target: {fileID: 170498, guid: adeea2bb97a7dd540b24a35a90073f55, type: 3}
      propertyPath: m_Name
      value: Trap_Prickle_00 (1)
      objectReference: {fileID: 0}
    - target: {fileID: 412470, guid: adeea2bb97a7dd540b24a35a90073f55, type: 3}
      propertyPath: m_LocalPosition.x
      value: -0.18547267
      objectReference: {fileID: 0}
    - target: {fileID: 412470, guid: adeea2bb97a7dd540b24a35a90073f55, type: 3}
      propertyPath: m_LocalPosition.y
      value: -0.5751953
      objectReference: {fileID: 0}
    - target: {fileID: 412470, guid: adeea2bb97a7dd540b24a35a90073f55, type: 3}
      propertyPath: m_LocalPosition.z
      value: -0.30634767
      objectReference: {fileID: 0}
    - target: {fileID: 412470, guid: adeea2bb97a7dd540b24a35a90073f55, type: 3}
      propertyPath: m_LocalRotation.x
      value: -0
      objectReference: {fileID: 0}
    - target: {fileID: 412470, guid: adeea2bb97a7dd540b24a35a90073f55, type: 3}
      propertyPath: m_LocalRotation.y
      value: -0
      objectReference: {fileID: 0}
    - target: {fileID: 412470, guid: adeea2bb97a7dd540b24a35a90073f55, type: 3}
      propertyPath: m_LocalRotation.z
      value: -0
      objectReference: {fileID: 0}
    - target: {fileID: 412470, guid: adeea2bb97a7dd540b24a35a90073f55, type: 3}
      propertyPath: m_LocalRotation.w
      value: 1
      objectReference: {fileID: 0}
    - target: {fileID: 412470, guid: adeea2bb97a7dd540b24a35a90073f55, type: 3}
      propertyPath: m_RootOrder
      value: 0
      objectReference: {fileID: 0}
    - target: {fileID: 412470, guid: adeea2bb97a7dd540b24a35a90073f55, type: 3}
      propertyPath: m_LocalEulerAnglesHint.x
      value: 0
      objectReference: {fileID: 0}
    - target: {fileID: 412470, guid: adeea2bb97a7dd540b24a35a90073f55, type: 3}
      propertyPath: m_LocalEulerAnglesHint.y
      value: 0
      objectReference: {fileID: 0}
    - target: {fileID: 412470, guid: adeea2bb97a7dd540b24a35a90073f55, type: 3}
      propertyPath: m_LocalEulerAnglesHint.z
      value: 0
      objectReference: {fileID: 0}
    - target: {fileID: 2363752, guid: adeea2bb97a7dd540b24a35a90073f55, type: 3}
      propertyPath: m_Materials.Array.data[0]
      value: 
      objectReference: {fileID: 2100000, guid: 404c31d0792138543bda0411c79502fe, type: 2}
    m_RemovedComponents: []
  m_SourcePrefab: {fileID: 100100000, guid: adeea2bb97a7dd540b24a35a90073f55, type: 3}
--- !u!4 &337050362294492386 stripped
Transform:
  m_CorrespondingSourceObject: {fileID: 412470, guid: adeea2bb97a7dd540b24a35a90073f55,
    type: 3}
  m_PrefabInstance: {fileID: 337050362294605780}
  m_PrefabAsset: {fileID: 0}
--- !u!1001 &1248277976854630847
PrefabInstance:
  m_ObjectHideFlags: 0
  serializedVersion: 2
  m_Modification:
    m_TransformParent: {fileID: 3313741063267040546}
    m_Modifications:
    - target: {fileID: 442680, guid: 99ba68503727b474fbec456531451aa1, type: 3}
      propertyPath: m_LocalPosition.x
      value: 0
      objectReference: {fileID: 0}
    - target: {fileID: 442680, guid: 99ba68503727b474fbec456531451aa1, type: 3}
      propertyPath: m_LocalPosition.y
      value: 0
      objectReference: {fileID: 0}
    - target: {fileID: 442680, guid: 99ba68503727b474fbec456531451aa1, type: 3}
      propertyPath: m_LocalPosition.z
      value: 0
      objectReference: {fileID: 0}
    - target: {fileID: 442680, guid: 99ba68503727b474fbec456531451aa1, type: 3}
      propertyPath: m_LocalRotation.x
      value: 0
      objectReference: {fileID: 0}
    - target: {fileID: 442680, guid: 99ba68503727b474fbec456531451aa1, type: 3}
      propertyPath: m_LocalRotation.y
      value: 0
      objectReference: {fileID: 0}
    - target: {fileID: 442680, guid: 99ba68503727b474fbec456531451aa1, type: 3}
      propertyPath: m_LocalRotation.z
      value: 0
      objectReference: {fileID: 0}
    - target: {fileID: 442680, guid: 99ba68503727b474fbec456531451aa1, type: 3}
      propertyPath: m_LocalRotation.w
      value: 1
      objectReference: {fileID: 0}
    - target: {fileID: 442680, guid: 99ba68503727b474fbec456531451aa1, type: 3}
      propertyPath: m_RootOrder
      value: 1
      objectReference: {fileID: 0}
    - target: {fileID: 442680, guid: 99ba68503727b474fbec456531451aa1, type: 3}
      propertyPath: m_LocalEulerAnglesHint.x
      value: 0
      objectReference: {fileID: 0}
    - target: {fileID: 442680, guid: 99ba68503727b474fbec456531451aa1, type: 3}
      propertyPath: m_LocalEulerAnglesHint.y
      value: 0
      objectReference: {fileID: 0}
    - target: {fileID: 442680, guid: 99ba68503727b474fbec456531451aa1, type: 3}
      propertyPath: m_LocalEulerAnglesHint.z
      value: 0
      objectReference: {fileID: 0}
    - target: {fileID: 118910, guid: 99ba68503727b474fbec456531451aa1, type: 3}
      propertyPath: m_Name
      value: Grave_Trap_4
      objectReference: {fileID: 0}
    - target: {fileID: 118910, guid: 99ba68503727b474fbec456531451aa1, type: 3}
      propertyPath: m_TagString
      value: Ground
      objectReference: {fileID: 0}
    m_RemovedComponents: []
  m_SourcePrefab: {fileID: 100100000, guid: 99ba68503727b474fbec456531451aa1, type: 3}
--- !u!4 &1248277976854548615 stripped
Transform:
  m_CorrespondingSourceObject: {fileID: 442680, guid: 99ba68503727b474fbec456531451aa1,
    type: 3}
  m_PrefabInstance: {fileID: 1248277976854630847}
  m_PrefabAsset: {fileID: 0}
--- !u!1 &1248277976854610369 stripped
GameObject:
  m_CorrespondingSourceObject: {fileID: 118910, guid: 99ba68503727b474fbec456531451aa1,
    type: 3}
  m_PrefabInstance: {fileID: 1248277976854630847}
  m_PrefabAsset: {fileID: 0}
--- !u!1001 &1435393706876903163
PrefabInstance:
  m_ObjectHideFlags: 0
  serializedVersion: 2
  m_Modification:
    m_TransformParent: {fileID: 697623151446002101}
    m_Modifications:
    - target: {fileID: 170498, guid: adeea2bb97a7dd540b24a35a90073f55, type: 3}
      propertyPath: m_Name
      value: Trap_Prickle_00 (15)
      objectReference: {fileID: 0}
    - target: {fileID: 412470, guid: adeea2bb97a7dd540b24a35a90073f55, type: 3}
      propertyPath: m_LocalPosition.x
      value: -0.18547267
      objectReference: {fileID: 0}
    - target: {fileID: 412470, guid: adeea2bb97a7dd540b24a35a90073f55, type: 3}
      propertyPath: m_LocalPosition.y
      value: -0.5751953
      objectReference: {fileID: 0}
    - target: {fileID: 412470, guid: adeea2bb97a7dd540b24a35a90073f55, type: 3}
      propertyPath: m_LocalPosition.z
      value: 0.29165235
      objectReference: {fileID: 0}
    - target: {fileID: 412470, guid: adeea2bb97a7dd540b24a35a90073f55, type: 3}
      propertyPath: m_LocalRotation.x
      value: -0
      objectReference: {fileID: 0}
    - target: {fileID: 412470, guid: adeea2bb97a7dd540b24a35a90073f55, type: 3}
      propertyPath: m_LocalRotation.y
      value: -0
      objectReference: {fileID: 0}
    - target: {fileID: 412470, guid: adeea2bb97a7dd540b24a35a90073f55, type: 3}
      propertyPath: m_LocalRotation.z
      value: -0
      objectReference: {fileID: 0}
    - target: {fileID: 412470, guid: adeea2bb97a7dd540b24a35a90073f55, type: 3}
      propertyPath: m_LocalRotation.w
      value: 1
      objectReference: {fileID: 0}
    - target: {fileID: 412470, guid: adeea2bb97a7dd540b24a35a90073f55, type: 3}
      propertyPath: m_RootOrder
      value: 14
      objectReference: {fileID: 0}
    - target: {fileID: 412470, guid: adeea2bb97a7dd540b24a35a90073f55, type: 3}
      propertyPath: m_LocalEulerAnglesHint.x
      value: 0
      objectReference: {fileID: 0}
    - target: {fileID: 412470, guid: adeea2bb97a7dd540b24a35a90073f55, type: 3}
      propertyPath: m_LocalEulerAnglesHint.y
      value: 0
      objectReference: {fileID: 0}
    - target: {fileID: 412470, guid: adeea2bb97a7dd540b24a35a90073f55, type: 3}
      propertyPath: m_LocalEulerAnglesHint.z
      value: 0
      objectReference: {fileID: 0}
    - target: {fileID: 2363752, guid: adeea2bb97a7dd540b24a35a90073f55, type: 3}
      propertyPath: m_Materials.Array.data[0]
      value: 
      objectReference: {fileID: 2100000, guid: 404c31d0792138543bda0411c79502fe, type: 2}
    m_RemovedComponents: []
  m_SourcePrefab: {fileID: 100100000, guid: adeea2bb97a7dd540b24a35a90073f55, type: 3}
--- !u!4 &1435393706877048269 stripped
Transform:
  m_CorrespondingSourceObject: {fileID: 412470, guid: adeea2bb97a7dd540b24a35a90073f55,
    type: 3}
  m_PrefabInstance: {fileID: 1435393706876903163}
  m_PrefabAsset: {fileID: 0}
--- !u!1001 &2320069492040705044
PrefabInstance:
  m_ObjectHideFlags: 0
  serializedVersion: 2
  m_Modification:
    m_TransformParent: {fileID: 697623151446002101}
    m_Modifications:
    - target: {fileID: 170498, guid: adeea2bb97a7dd540b24a35a90073f55, type: 3}
      propertyPath: m_Name
      value: Trap_Prickle_00 (7)
      objectReference: {fileID: 0}
    - target: {fileID: 412470, guid: adeea2bb97a7dd540b24a35a90073f55, type: 3}
      propertyPath: m_LocalPosition.x
      value: -0.18547267
      objectReference: {fileID: 0}
    - target: {fileID: 412470, guid: adeea2bb97a7dd540b24a35a90073f55, type: 3}
      propertyPath: m_LocalPosition.y
      value: -0.5751953
      objectReference: {fileID: 0}
    - target: {fileID: 412470, guid: adeea2bb97a7dd540b24a35a90073f55, type: 3}
      propertyPath: m_LocalPosition.z
      value: -0.10434765
      objectReference: {fileID: 0}
    - target: {fileID: 412470, guid: adeea2bb97a7dd540b24a35a90073f55, type: 3}
      propertyPath: m_LocalRotation.x
      value: -0
      objectReference: {fileID: 0}
    - target: {fileID: 412470, guid: adeea2bb97a7dd540b24a35a90073f55, type: 3}
      propertyPath: m_LocalRotation.y
      value: -0
      objectReference: {fileID: 0}
    - target: {fileID: 412470, guid: adeea2bb97a7dd540b24a35a90073f55, type: 3}
      propertyPath: m_LocalRotation.z
      value: -0
      objectReference: {fileID: 0}
    - target: {fileID: 412470, guid: adeea2bb97a7dd540b24a35a90073f55, type: 3}
      propertyPath: m_LocalRotation.w
      value: 1
      objectReference: {fileID: 0}
    - target: {fileID: 412470, guid: adeea2bb97a7dd540b24a35a90073f55, type: 3}
      propertyPath: m_RootOrder
      value: 6
      objectReference: {fileID: 0}
    - target: {fileID: 412470, guid: adeea2bb97a7dd540b24a35a90073f55, type: 3}
      propertyPath: m_LocalEulerAnglesHint.x
      value: 0
      objectReference: {fileID: 0}
    - target: {fileID: 412470, guid: adeea2bb97a7dd540b24a35a90073f55, type: 3}
      propertyPath: m_LocalEulerAnglesHint.y
      value: 0
      objectReference: {fileID: 0}
    - target: {fileID: 412470, guid: adeea2bb97a7dd540b24a35a90073f55, type: 3}
      propertyPath: m_LocalEulerAnglesHint.z
      value: 0
      objectReference: {fileID: 0}
    - target: {fileID: 2363752, guid: adeea2bb97a7dd540b24a35a90073f55, type: 3}
      propertyPath: m_Materials.Array.data[0]
      value: 
      objectReference: {fileID: 2100000, guid: 404c31d0792138543bda0411c79502fe, type: 2}
    m_RemovedComponents: []
  m_SourcePrefab: {fileID: 100100000, guid: adeea2bb97a7dd540b24a35a90073f55, type: 3}
--- !u!4 &2320069492040331042 stripped
Transform:
  m_CorrespondingSourceObject: {fileID: 412470, guid: adeea2bb97a7dd540b24a35a90073f55,
    type: 3}
  m_PrefabInstance: {fileID: 2320069492040705044}
  m_PrefabAsset: {fileID: 0}
--- !u!1001 &2385484908543534717
PrefabInstance:
  m_ObjectHideFlags: 0
  serializedVersion: 2
  m_Modification:
    m_TransformParent: {fileID: 697623151446002101}
    m_Modifications:
    - target: {fileID: 170498, guid: adeea2bb97a7dd540b24a35a90073f55, type: 3}
      propertyPath: m_Name
      value: Trap_Prickle_00 (12)
      objectReference: {fileID: 0}
    - target: {fileID: 412470, guid: adeea2bb97a7dd540b24a35a90073f55, type: 3}
      propertyPath: m_LocalPosition.x
      value: 0.013527341
      objectReference: {fileID: 0}
    - target: {fileID: 412470, guid: adeea2bb97a7dd540b24a35a90073f55, type: 3}
      propertyPath: m_LocalPosition.y
      value: -0.5751953
      objectReference: {fileID: 0}
    - target: {fileID: 412470, guid: adeea2bb97a7dd540b24a35a90073f55, type: 3}
      propertyPath: m_LocalPosition.z
      value: 0.09465235
      objectReference: {fileID: 0}
    - target: {fileID: 412470, guid: adeea2bb97a7dd540b24a35a90073f55, type: 3}
      propertyPath: m_LocalRotation.x
      value: -0
      objectReference: {fileID: 0}
    - target: {fileID: 412470, guid: adeea2bb97a7dd540b24a35a90073f55, type: 3}
      propertyPath: m_LocalRotation.y
      value: -0
      objectReference: {fileID: 0}
    - target: {fileID: 412470, guid: adeea2bb97a7dd540b24a35a90073f55, type: 3}
      propertyPath: m_LocalRotation.z
      value: -0
      objectReference: {fileID: 0}
    - target: {fileID: 412470, guid: adeea2bb97a7dd540b24a35a90073f55, type: 3}
      propertyPath: m_LocalRotation.w
      value: 1
      objectReference: {fileID: 0}
    - target: {fileID: 412470, guid: adeea2bb97a7dd540b24a35a90073f55, type: 3}
      propertyPath: m_RootOrder
      value: 11
      objectReference: {fileID: 0}
    - target: {fileID: 412470, guid: adeea2bb97a7dd540b24a35a90073f55, type: 3}
      propertyPath: m_LocalEulerAnglesHint.x
      value: 0
      objectReference: {fileID: 0}
    - target: {fileID: 412470, guid: adeea2bb97a7dd540b24a35a90073f55, type: 3}
      propertyPath: m_LocalEulerAnglesHint.y
      value: 0
      objectReference: {fileID: 0}
    - target: {fileID: 412470, guid: adeea2bb97a7dd540b24a35a90073f55, type: 3}
      propertyPath: m_LocalEulerAnglesHint.z
      value: 0
      objectReference: {fileID: 0}
    - target: {fileID: 2363752, guid: adeea2bb97a7dd540b24a35a90073f55, type: 3}
      propertyPath: m_Materials.Array.data[0]
      value: 
      objectReference: {fileID: 2100000, guid: 404c31d0792138543bda0411c79502fe, type: 2}
    m_RemovedComponents: []
  m_SourcePrefab: {fileID: 100100000, guid: adeea2bb97a7dd540b24a35a90073f55, type: 3}
--- !u!4 &2385484908543651147 stripped
Transform:
  m_CorrespondingSourceObject: {fileID: 412470, guid: adeea2bb97a7dd540b24a35a90073f55,
    type: 3}
  m_PrefabInstance: {fileID: 2385484908543534717}
  m_PrefabAsset: {fileID: 0}
--- !u!1001 &3369973902577278976
PrefabInstance:
  m_ObjectHideFlags: 0
  serializedVersion: 2
  m_Modification:
    m_TransformParent: {fileID: 697623151446002101}
    m_Modifications:
    - target: {fileID: 170498, guid: adeea2bb97a7dd540b24a35a90073f55, type: 3}
      propertyPath: m_Name
      value: Trap_Prickle_00 (8)
      objectReference: {fileID: 0}
    - target: {fileID: 412470, guid: adeea2bb97a7dd540b24a35a90073f55, type: 3}
      propertyPath: m_LocalPosition.x
      value: 0.013527341
      objectReference: {fileID: 0}
    - target: {fileID: 412470, guid: adeea2bb97a7dd540b24a35a90073f55, type: 3}
      propertyPath: m_LocalPosition.y
      value: -0.5751953
      objectReference: {fileID: 0}
    - target: {fileID: 412470, guid: adeea2bb97a7dd540b24a35a90073f55, type: 3}
      propertyPath: m_LocalPosition.z
      value: -0.10734766
      objectReference: {fileID: 0}
    - target: {fileID: 412470, guid: adeea2bb97a7dd540b24a35a90073f55, type: 3}
      propertyPath: m_LocalRotation.x
      value: -0
      objectReference: {fileID: 0}
    - target: {fileID: 412470, guid: adeea2bb97a7dd540b24a35a90073f55, type: 3}
      propertyPath: m_LocalRotation.y
      value: -0
      objectReference: {fileID: 0}
    - target: {fileID: 412470, guid: adeea2bb97a7dd540b24a35a90073f55, type: 3}
      propertyPath: m_LocalRotation.z
      value: -0
      objectReference: {fileID: 0}
    - target: {fileID: 412470, guid: adeea2bb97a7dd540b24a35a90073f55, type: 3}
      propertyPath: m_LocalRotation.w
      value: 1
      objectReference: {fileID: 0}
    - target: {fileID: 412470, guid: adeea2bb97a7dd540b24a35a90073f55, type: 3}
      propertyPath: m_RootOrder
      value: 7
      objectReference: {fileID: 0}
    - target: {fileID: 412470, guid: adeea2bb97a7dd540b24a35a90073f55, type: 3}
      propertyPath: m_LocalEulerAnglesHint.x
      value: 0
      objectReference: {fileID: 0}
    - target: {fileID: 412470, guid: adeea2bb97a7dd540b24a35a90073f55, type: 3}
      propertyPath: m_LocalEulerAnglesHint.y
      value: 0
      objectReference: {fileID: 0}
    - target: {fileID: 412470, guid: adeea2bb97a7dd540b24a35a90073f55, type: 3}
      propertyPath: m_LocalEulerAnglesHint.z
      value: 0
      objectReference: {fileID: 0}
    - target: {fileID: 2363752, guid: adeea2bb97a7dd540b24a35a90073f55, type: 3}
      propertyPath: m_Materials.Array.data[0]
      value: 
      objectReference: {fileID: 2100000, guid: 404c31d0792138543bda0411c79502fe, type: 2}
    m_RemovedComponents: []
  m_SourcePrefab: {fileID: 100100000, guid: adeea2bb97a7dd540b24a35a90073f55, type: 3}
--- !u!4 &3369973902577167158 stripped
Transform:
  m_CorrespondingSourceObject: {fileID: 412470, guid: adeea2bb97a7dd540b24a35a90073f55,
    type: 3}
  m_PrefabInstance: {fileID: 3369973902577278976}
  m_PrefabAsset: {fileID: 0}
--- !u!1001 &4124205955954560240
PrefabInstance:
  m_ObjectHideFlags: 0
  serializedVersion: 2
  m_Modification:
    m_TransformParent: {fileID: 697623151446002101}
    m_Modifications:
    - target: {fileID: 170498, guid: adeea2bb97a7dd540b24a35a90073f55, type: 3}
      propertyPath: m_Name
      value: Trap_Prickle_00 (10)
      objectReference: {fileID: 0}
    - target: {fileID: 412470, guid: adeea2bb97a7dd540b24a35a90073f55, type: 3}
      propertyPath: m_LocalPosition.x
      value: 0.21552736
      objectReference: {fileID: 0}
    - target: {fileID: 412470, guid: adeea2bb97a7dd540b24a35a90073f55, type: 3}
      propertyPath: m_LocalPosition.y
      value: -0.5751953
      objectReference: {fileID: 0}
    - target: {fileID: 412470, guid: adeea2bb97a7dd540b24a35a90073f55, type: 3}
      propertyPath: m_LocalPosition.z
      value: 0.09465235
      objectReference: {fileID: 0}
    - target: {fileID: 412470, guid: adeea2bb97a7dd540b24a35a90073f55, type: 3}
      propertyPath: m_LocalRotation.x
      value: -0
      objectReference: {fileID: 0}
    - target: {fileID: 412470, guid: adeea2bb97a7dd540b24a35a90073f55, type: 3}
      propertyPath: m_LocalRotation.y
      value: -0
      objectReference: {fileID: 0}
    - target: {fileID: 412470, guid: adeea2bb97a7dd540b24a35a90073f55, type: 3}
      propertyPath: m_LocalRotation.z
      value: -0
      objectReference: {fileID: 0}
    - target: {fileID: 412470, guid: adeea2bb97a7dd540b24a35a90073f55, type: 3}
      propertyPath: m_LocalRotation.w
      value: 1
      objectReference: {fileID: 0}
    - target: {fileID: 412470, guid: adeea2bb97a7dd540b24a35a90073f55, type: 3}
      propertyPath: m_RootOrder
      value: 9
      objectReference: {fileID: 0}
    - target: {fileID: 412470, guid: adeea2bb97a7dd540b24a35a90073f55, type: 3}
      propertyPath: m_LocalEulerAnglesHint.x
      value: 0
      objectReference: {fileID: 0}
    - target: {fileID: 412470, guid: adeea2bb97a7dd540b24a35a90073f55, type: 3}
      propertyPath: m_LocalEulerAnglesHint.y
      value: 0
      objectReference: {fileID: 0}
    - target: {fileID: 412470, guid: adeea2bb97a7dd540b24a35a90073f55, type: 3}
      propertyPath: m_LocalEulerAnglesHint.z
      value: 0
      objectReference: {fileID: 0}
    - target: {fileID: 2363752, guid: adeea2bb97a7dd540b24a35a90073f55, type: 3}
      propertyPath: m_Materials.Array.data[0]
      value: 
      objectReference: {fileID: 2100000, guid: 404c31d0792138543bda0411c79502fe, type: 2}
    m_RemovedComponents: []
  m_SourcePrefab: {fileID: 100100000, guid: adeea2bb97a7dd540b24a35a90073f55, type: 3}
--- !u!4 &4124205955954935750 stripped
Transform:
  m_CorrespondingSourceObject: {fileID: 412470, guid: adeea2bb97a7dd540b24a35a90073f55,
    type: 3}
  m_PrefabInstance: {fileID: 4124205955954560240}
  m_PrefabAsset: {fileID: 0}
--- !u!1001 &4519070563235392323
PrefabInstance:
  m_ObjectHideFlags: 0
  serializedVersion: 2
  m_Modification:
    m_TransformParent: {fileID: 697623151446002101}
    m_Modifications:
    - target: {fileID: 170498, guid: adeea2bb97a7dd540b24a35a90073f55, type: 3}
      propertyPath: m_Name
      value: Trap_Prickle_00 (6)
      objectReference: {fileID: 0}
    - target: {fileID: 412470, guid: adeea2bb97a7dd540b24a35a90073f55, type: 3}
      propertyPath: m_LocalPosition.x
      value: -0.38447267
      objectReference: {fileID: 0}
    - target: {fileID: 412470, guid: adeea2bb97a7dd540b24a35a90073f55, type: 3}
      propertyPath: m_LocalPosition.y
      value: -0.5751953
      objectReference: {fileID: 0}
    - target: {fileID: 412470, guid: adeea2bb97a7dd540b24a35a90073f55, type: 3}
      propertyPath: m_LocalPosition.z
      value: 0.29465234
      objectReference: {fileID: 0}
    - target: {fileID: 412470, guid: adeea2bb97a7dd540b24a35a90073f55, type: 3}
      propertyPath: m_LocalRotation.x
      value: -0
      objectReference: {fileID: 0}
    - target: {fileID: 412470, guid: adeea2bb97a7dd540b24a35a90073f55, type: 3}
      propertyPath: m_LocalRotation.y
      value: -0
      objectReference: {fileID: 0}
    - target: {fileID: 412470, guid: adeea2bb97a7dd540b24a35a90073f55, type: 3}
      propertyPath: m_LocalRotation.z
      value: -0
      objectReference: {fileID: 0}
    - target: {fileID: 412470, guid: adeea2bb97a7dd540b24a35a90073f55, type: 3}
      propertyPath: m_LocalRotation.w
      value: 1
      objectReference: {fileID: 0}
    - target: {fileID: 412470, guid: adeea2bb97a7dd540b24a35a90073f55, type: 3}
      propertyPath: m_RootOrder
      value: 5
      objectReference: {fileID: 0}
    - target: {fileID: 412470, guid: adeea2bb97a7dd540b24a35a90073f55, type: 3}
      propertyPath: m_LocalEulerAnglesHint.x
      value: 0
      objectReference: {fileID: 0}
    - target: {fileID: 412470, guid: adeea2bb97a7dd540b24a35a90073f55, type: 3}
      propertyPath: m_LocalEulerAnglesHint.y
      value: 0
      objectReference: {fileID: 0}
    - target: {fileID: 412470, guid: adeea2bb97a7dd540b24a35a90073f55, type: 3}
      propertyPath: m_LocalEulerAnglesHint.z
      value: 0
      objectReference: {fileID: 0}
    - target: {fileID: 2363752, guid: adeea2bb97a7dd540b24a35a90073f55, type: 3}
      propertyPath: m_Materials.Array.data[0]
      value: 
      objectReference: {fileID: 2100000, guid: 404c31d0792138543bda0411c79502fe, type: 2}
    m_RemovedComponents: []
  m_SourcePrefab: {fileID: 100100000, guid: adeea2bb97a7dd540b24a35a90073f55, type: 3}
--- !u!4 &4519070563235766389 stripped
Transform:
  m_CorrespondingSourceObject: {fileID: 412470, guid: adeea2bb97a7dd540b24a35a90073f55,
    type: 3}
  m_PrefabInstance: {fileID: 4519070563235392323}
  m_PrefabAsset: {fileID: 0}
--- !u!1001 &4950028492834214202
PrefabInstance:
  m_ObjectHideFlags: 0
  serializedVersion: 2
  m_Modification:
    m_TransformParent: {fileID: 697623151446002101}
    m_Modifications:
    - target: {fileID: 170498, guid: adeea2bb97a7dd540b24a35a90073f55, type: 3}
      propertyPath: m_Name
      value: Trap_Prickle_00 (5)
      objectReference: {fileID: 0}
    - target: {fileID: 412470, guid: adeea2bb97a7dd540b24a35a90073f55, type: 3}
      propertyPath: m_LocalPosition.x
      value: -0.38447267
      objectReference: {fileID: 0}
    - target: {fileID: 412470, guid: adeea2bb97a7dd540b24a35a90073f55, type: 3}
      propertyPath: m_LocalPosition.y
      value: -0.5751953
      objectReference: {fileID: 0}
    - target: {fileID: 412470, guid: adeea2bb97a7dd540b24a35a90073f55, type: 3}
      propertyPath: m_LocalPosition.z
      value: 0.09265234
      objectReference: {fileID: 0}
    - target: {fileID: 412470, guid: adeea2bb97a7dd540b24a35a90073f55, type: 3}
      propertyPath: m_LocalRotation.x
      value: -0
      objectReference: {fileID: 0}
    - target: {fileID: 412470, guid: adeea2bb97a7dd540b24a35a90073f55, type: 3}
      propertyPath: m_LocalRotation.y
      value: -0
      objectReference: {fileID: 0}
    - target: {fileID: 412470, guid: adeea2bb97a7dd540b24a35a90073f55, type: 3}
      propertyPath: m_LocalRotation.z
      value: -0
      objectReference: {fileID: 0}
    - target: {fileID: 412470, guid: adeea2bb97a7dd540b24a35a90073f55, type: 3}
      propertyPath: m_LocalRotation.w
      value: 1
      objectReference: {fileID: 0}
    - target: {fileID: 412470, guid: adeea2bb97a7dd540b24a35a90073f55, type: 3}
      propertyPath: m_RootOrder
      value: 4
      objectReference: {fileID: 0}
    - target: {fileID: 412470, guid: adeea2bb97a7dd540b24a35a90073f55, type: 3}
      propertyPath: m_LocalEulerAnglesHint.x
      value: 0
      objectReference: {fileID: 0}
    - target: {fileID: 412470, guid: adeea2bb97a7dd540b24a35a90073f55, type: 3}
      propertyPath: m_LocalEulerAnglesHint.y
      value: 0
      objectReference: {fileID: 0}
    - target: {fileID: 412470, guid: adeea2bb97a7dd540b24a35a90073f55, type: 3}
      propertyPath: m_LocalEulerAnglesHint.z
      value: 0
      objectReference: {fileID: 0}
    - target: {fileID: 2363752, guid: adeea2bb97a7dd540b24a35a90073f55, type: 3}
      propertyPath: m_Materials.Array.data[0]
      value: 
      objectReference: {fileID: 2100000, guid: 404c31d0792138543bda0411c79502fe, type: 2}
    m_RemovedComponents: []
  m_SourcePrefab: {fileID: 100100000, guid: adeea2bb97a7dd540b24a35a90073f55, type: 3}
--- !u!4 &4950028492834363916 stripped
Transform:
  m_CorrespondingSourceObject: {fileID: 412470, guid: adeea2bb97a7dd540b24a35a90073f55,
    type: 3}
  m_PrefabInstance: {fileID: 4950028492834214202}
  m_PrefabAsset: {fileID: 0}
--- !u!1001 &5022082548444097213
PrefabInstance:
  m_ObjectHideFlags: 0
  serializedVersion: 2
  m_Modification:
    m_TransformParent: {fileID: 697623151446002101}
    m_Modifications:
    - target: {fileID: 170498, guid: adeea2bb97a7dd540b24a35a90073f55, type: 3}
      propertyPath: m_Name
      value: Trap_Prickle_00 (14)
      objectReference: {fileID: 0}
    - target: {fileID: 412470, guid: adeea2bb97a7dd540b24a35a90073f55, type: 3}
      propertyPath: m_LocalPosition.x
      value: -0.18547267
      objectReference: {fileID: 0}
    - target: {fileID: 412470, guid: adeea2bb97a7dd540b24a35a90073f55, type: 3}
      propertyPath: m_LocalPosition.y
      value: -0.5751953
      objectReference: {fileID: 0}
    - target: {fileID: 412470, guid: adeea2bb97a7dd540b24a35a90073f55, type: 3}
      propertyPath: m_LocalPosition.z
      value: 0.093652345
      objectReference: {fileID: 0}
    - target: {fileID: 412470, guid: adeea2bb97a7dd540b24a35a90073f55, type: 3}
      propertyPath: m_LocalRotation.x
      value: -0
      objectReference: {fileID: 0}
    - target: {fileID: 412470, guid: adeea2bb97a7dd540b24a35a90073f55, type: 3}
      propertyPath: m_LocalRotation.y
      value: -0
      objectReference: {fileID: 0}
    - target: {fileID: 412470, guid: adeea2bb97a7dd540b24a35a90073f55, type: 3}
      propertyPath: m_LocalRotation.z
      value: -0
      objectReference: {fileID: 0}
    - target: {fileID: 412470, guid: adeea2bb97a7dd540b24a35a90073f55, type: 3}
      propertyPath: m_LocalRotation.w
      value: 1
      objectReference: {fileID: 0}
    - target: {fileID: 412470, guid: adeea2bb97a7dd540b24a35a90073f55, type: 3}
      propertyPath: m_RootOrder
      value: 13
      objectReference: {fileID: 0}
    - target: {fileID: 412470, guid: adeea2bb97a7dd540b24a35a90073f55, type: 3}
      propertyPath: m_LocalEulerAnglesHint.x
      value: 0
      objectReference: {fileID: 0}
    - target: {fileID: 412470, guid: adeea2bb97a7dd540b24a35a90073f55, type: 3}
      propertyPath: m_LocalEulerAnglesHint.y
      value: 0
      objectReference: {fileID: 0}
    - target: {fileID: 412470, guid: adeea2bb97a7dd540b24a35a90073f55, type: 3}
      propertyPath: m_LocalEulerAnglesHint.z
      value: 0
      objectReference: {fileID: 0}
    - target: {fileID: 2363752, guid: adeea2bb97a7dd540b24a35a90073f55, type: 3}
      propertyPath: m_Materials.Array.data[0]
      value: 
      objectReference: {fileID: 2100000, guid: 404c31d0792138543bda0411c79502fe, type: 2}
    m_RemovedComponents: []
  m_SourcePrefab: {fileID: 100100000, guid: adeea2bb97a7dd540b24a35a90073f55, type: 3}
--- !u!4 &5022082548444209547 stripped
Transform:
  m_CorrespondingSourceObject: {fileID: 412470, guid: adeea2bb97a7dd540b24a35a90073f55,
    type: 3}
  m_PrefabInstance: {fileID: 5022082548444097213}
  m_PrefabAsset: {fileID: 0}
--- !u!1001 &5371473700398856897
PrefabInstance:
  m_ObjectHideFlags: 0
  serializedVersion: 2
  m_Modification:
    m_TransformParent: {fileID: 697623151446002101}
    m_Modifications:
    - target: {fileID: 170498, guid: adeea2bb97a7dd540b24a35a90073f55, type: 3}
      propertyPath: m_Name
      value: Trap_Prickle_00 (2)
      objectReference: {fileID: 0}
    - target: {fileID: 412470, guid: adeea2bb97a7dd540b24a35a90073f55, type: 3}
      propertyPath: m_LocalPosition.x
      value: 0.013527341
      objectReference: {fileID: 0}
    - target: {fileID: 412470, guid: adeea2bb97a7dd540b24a35a90073f55, type: 3}
      propertyPath: m_LocalPosition.y
      value: -0.5751953
      objectReference: {fileID: 0}
    - target: {fileID: 412470, guid: adeea2bb97a7dd540b24a35a90073f55, type: 3}
      propertyPath: m_LocalPosition.z
      value: -0.30634767
      objectReference: {fileID: 0}
    - target: {fileID: 412470, guid: adeea2bb97a7dd540b24a35a90073f55, type: 3}
      propertyPath: m_LocalRotation.x
      value: -0
      objectReference: {fileID: 0}
    - target: {fileID: 412470, guid: adeea2bb97a7dd540b24a35a90073f55, type: 3}
      propertyPath: m_LocalRotation.y
      value: -0
      objectReference: {fileID: 0}
    - target: {fileID: 412470, guid: adeea2bb97a7dd540b24a35a90073f55, type: 3}
      propertyPath: m_LocalRotation.z
      value: -0
      objectReference: {fileID: 0}
    - target: {fileID: 412470, guid: adeea2bb97a7dd540b24a35a90073f55, type: 3}
      propertyPath: m_LocalRotation.w
      value: 1
      objectReference: {fileID: 0}
    - target: {fileID: 412470, guid: adeea2bb97a7dd540b24a35a90073f55, type: 3}
      propertyPath: m_RootOrder
      value: 1
      objectReference: {fileID: 0}
    - target: {fileID: 412470, guid: adeea2bb97a7dd540b24a35a90073f55, type: 3}
      propertyPath: m_LocalEulerAnglesHint.x
      value: 0
      objectReference: {fileID: 0}
    - target: {fileID: 412470, guid: adeea2bb97a7dd540b24a35a90073f55, type: 3}
      propertyPath: m_LocalEulerAnglesHint.y
      value: 0
      objectReference: {fileID: 0}
    - target: {fileID: 412470, guid: adeea2bb97a7dd540b24a35a90073f55, type: 3}
      propertyPath: m_LocalEulerAnglesHint.z
      value: 0
      objectReference: {fileID: 0}
    - target: {fileID: 2363752, guid: adeea2bb97a7dd540b24a35a90073f55, type: 3}
      propertyPath: m_Materials.Array.data[0]
      value: 
      objectReference: {fileID: 2100000, guid: 404c31d0792138543bda0411c79502fe, type: 2}
    m_RemovedComponents: []
  m_SourcePrefab: {fileID: 100100000, guid: adeea2bb97a7dd540b24a35a90073f55, type: 3}
--- !u!4 &5371473700399231479 stripped
Transform:
  m_CorrespondingSourceObject: {fileID: 412470, guid: adeea2bb97a7dd540b24a35a90073f55,
    type: 3}
  m_PrefabInstance: {fileID: 5371473700398856897}
  m_PrefabAsset: {fileID: 0}
--- !u!1001 &6372083743109365721
PrefabInstance:
  m_ObjectHideFlags: 0
  serializedVersion: 2
  m_Modification:
    m_TransformParent: {fileID: 697623151446002101}
    m_Modifications:
    - target: {fileID: 170498, guid: adeea2bb97a7dd540b24a35a90073f55, type: 3}
      propertyPath: m_Name
      value: Trap_Prickle_00 (4)
      objectReference: {fileID: 0}
    - target: {fileID: 412470, guid: adeea2bb97a7dd540b24a35a90073f55, type: 3}
      propertyPath: m_LocalPosition.x
      value: -0.38447267
      objectReference: {fileID: 0}
    - target: {fileID: 412470, guid: adeea2bb97a7dd540b24a35a90073f55, type: 3}
      propertyPath: m_LocalPosition.y
      value: -0.5751953
      objectReference: {fileID: 0}
    - target: {fileID: 412470, guid: adeea2bb97a7dd540b24a35a90073f55, type: 3}
      propertyPath: m_LocalPosition.z
      value: -0.105347656
      objectReference: {fileID: 0}
    - target: {fileID: 412470, guid: adeea2bb97a7dd540b24a35a90073f55, type: 3}
      propertyPath: m_LocalRotation.x
      value: -0
      objectReference: {fileID: 0}
    - target: {fileID: 412470, guid: adeea2bb97a7dd540b24a35a90073f55, type: 3}
      propertyPath: m_LocalRotation.y
      value: -0
      objectReference: {fileID: 0}
    - target: {fileID: 412470, guid: adeea2bb97a7dd540b24a35a90073f55, type: 3}
      propertyPath: m_LocalRotation.z
      value: -0
      objectReference: {fileID: 0}
    - target: {fileID: 412470, guid: adeea2bb97a7dd540b24a35a90073f55, type: 3}
      propertyPath: m_LocalRotation.w
      value: 1
      objectReference: {fileID: 0}
    - target: {fileID: 412470, guid: adeea2bb97a7dd540b24a35a90073f55, type: 3}
      propertyPath: m_RootOrder
      value: 3
      objectReference: {fileID: 0}
    - target: {fileID: 412470, guid: adeea2bb97a7dd540b24a35a90073f55, type: 3}
      propertyPath: m_LocalEulerAnglesHint.x
      value: 0
      objectReference: {fileID: 0}
    - target: {fileID: 412470, guid: adeea2bb97a7dd540b24a35a90073f55, type: 3}
      propertyPath: m_LocalEulerAnglesHint.y
      value: 0
      objectReference: {fileID: 0}
    - target: {fileID: 412470, guid: adeea2bb97a7dd540b24a35a90073f55, type: 3}
      propertyPath: m_LocalEulerAnglesHint.z
      value: 0
      objectReference: {fileID: 0}
    - target: {fileID: 2363752, guid: adeea2bb97a7dd540b24a35a90073f55, type: 3}
      propertyPath: m_Materials.Array.data[0]
      value: 
      objectReference: {fileID: 2100000, guid: 404c31d0792138543bda0411c79502fe, type: 2}
    m_RemovedComponents: []
  m_SourcePrefab: {fileID: 100100000, guid: adeea2bb97a7dd540b24a35a90073f55, type: 3}
--- !u!4 &6372083743109510383 stripped
Transform:
  m_CorrespondingSourceObject: {fileID: 412470, guid: adeea2bb97a7dd540b24a35a90073f55,
    type: 3}
  m_PrefabInstance: {fileID: 6372083743109365721}
  m_PrefabAsset: {fileID: 0}
--- !u!1001 &7000033655889947569
PrefabInstance:
  m_ObjectHideFlags: 0
  serializedVersion: 2
  m_Modification:
    m_TransformParent: {fileID: 697623151446002101}
    m_Modifications:
    - target: {fileID: 170498, guid: adeea2bb97a7dd540b24a35a90073f55, type: 3}
      propertyPath: m_Name
      value: Trap_Prickle_00 (9)
      objectReference: {fileID: 0}
    - target: {fileID: 412470, guid: adeea2bb97a7dd540b24a35a90073f55, type: 3}
      propertyPath: m_LocalPosition.x
      value: 0.21552736
      objectReference: {fileID: 0}
    - target: {fileID: 412470, guid: adeea2bb97a7dd540b24a35a90073f55, type: 3}
      propertyPath: m_LocalPosition.y
      value: -0.5751953
      objectReference: {fileID: 0}
    - target: {fileID: 412470, guid: adeea2bb97a7dd540b24a35a90073f55, type: 3}
      propertyPath: m_LocalPosition.z
      value: -0.10634766
      objectReference: {fileID: 0}
    - target: {fileID: 412470, guid: adeea2bb97a7dd540b24a35a90073f55, type: 3}
      propertyPath: m_LocalRotation.x
      value: -0
      objectReference: {fileID: 0}
    - target: {fileID: 412470, guid: adeea2bb97a7dd540b24a35a90073f55, type: 3}
      propertyPath: m_LocalRotation.y
      value: -0
      objectReference: {fileID: 0}
    - target: {fileID: 412470, guid: adeea2bb97a7dd540b24a35a90073f55, type: 3}
      propertyPath: m_LocalRotation.z
      value: -0
      objectReference: {fileID: 0}
    - target: {fileID: 412470, guid: adeea2bb97a7dd540b24a35a90073f55, type: 3}
      propertyPath: m_LocalRotation.w
      value: 1
      objectReference: {fileID: 0}
    - target: {fileID: 412470, guid: adeea2bb97a7dd540b24a35a90073f55, type: 3}
      propertyPath: m_RootOrder
      value: 8
      objectReference: {fileID: 0}
    - target: {fileID: 412470, guid: adeea2bb97a7dd540b24a35a90073f55, type: 3}
      propertyPath: m_LocalEulerAnglesHint.x
      value: 0
      objectReference: {fileID: 0}
    - target: {fileID: 412470, guid: adeea2bb97a7dd540b24a35a90073f55, type: 3}
      propertyPath: m_LocalEulerAnglesHint.y
      value: 0
      objectReference: {fileID: 0}
    - target: {fileID: 412470, guid: adeea2bb97a7dd540b24a35a90073f55, type: 3}
      propertyPath: m_LocalEulerAnglesHint.z
      value: 0
      objectReference: {fileID: 0}
    - target: {fileID: 2363752, guid: adeea2bb97a7dd540b24a35a90073f55, type: 3}
      propertyPath: m_Materials.Array.data[0]
      value: 
      objectReference: {fileID: 2100000, guid: 404c31d0792138543bda0411c79502fe, type: 2}
    m_RemovedComponents: []
  m_SourcePrefab: {fileID: 100100000, guid: adeea2bb97a7dd540b24a35a90073f55, type: 3}
--- !u!4 &7000033655890321543 stripped
Transform:
  m_CorrespondingSourceObject: {fileID: 412470, guid: adeea2bb97a7dd540b24a35a90073f55,
    type: 3}
  m_PrefabInstance: {fileID: 7000033655889947569}
  m_PrefabAsset: {fileID: 0}
--- !u!1001 &7452906531328320014
PrefabInstance:
  m_ObjectHideFlags: 0
  serializedVersion: 2
  m_Modification:
    m_TransformParent: {fileID: 697623151446002101}
    m_Modifications:
    - target: {fileID: 170498, guid: adeea2bb97a7dd540b24a35a90073f55, type: 3}
      propertyPath: m_Name
      value: Trap_Prickle_00 (3)
      objectReference: {fileID: 0}
    - target: {fileID: 412470, guid: adeea2bb97a7dd540b24a35a90073f55, type: 3}
      propertyPath: m_LocalPosition.x
      value: 0.21552736
      objectReference: {fileID: 0}
    - target: {fileID: 412470, guid: adeea2bb97a7dd540b24a35a90073f55, type: 3}
      propertyPath: m_LocalPosition.y
      value: -0.5751953
      objectReference: {fileID: 0}
    - target: {fileID: 412470, guid: adeea2bb97a7dd540b24a35a90073f55, type: 3}
      propertyPath: m_LocalPosition.z
      value: -0.30734766
      objectReference: {fileID: 0}
    - target: {fileID: 412470, guid: adeea2bb97a7dd540b24a35a90073f55, type: 3}
      propertyPath: m_LocalRotation.x
      value: -0
      objectReference: {fileID: 0}
    - target: {fileID: 412470, guid: adeea2bb97a7dd540b24a35a90073f55, type: 3}
      propertyPath: m_LocalRotation.y
      value: -0
      objectReference: {fileID: 0}
    - target: {fileID: 412470, guid: adeea2bb97a7dd540b24a35a90073f55, type: 3}
      propertyPath: m_LocalRotation.z
      value: -0
      objectReference: {fileID: 0}
    - target: {fileID: 412470, guid: adeea2bb97a7dd540b24a35a90073f55, type: 3}
      propertyPath: m_LocalRotation.w
      value: 1
      objectReference: {fileID: 0}
    - target: {fileID: 412470, guid: adeea2bb97a7dd540b24a35a90073f55, type: 3}
      propertyPath: m_RootOrder
      value: 2
      objectReference: {fileID: 0}
    - target: {fileID: 412470, guid: adeea2bb97a7dd540b24a35a90073f55, type: 3}
      propertyPath: m_LocalEulerAnglesHint.x
      value: 0
      objectReference: {fileID: 0}
    - target: {fileID: 412470, guid: adeea2bb97a7dd540b24a35a90073f55, type: 3}
      propertyPath: m_LocalEulerAnglesHint.y
      value: 0
      objectReference: {fileID: 0}
    - target: {fileID: 412470, guid: adeea2bb97a7dd540b24a35a90073f55, type: 3}
      propertyPath: m_LocalEulerAnglesHint.z
      value: 0
      objectReference: {fileID: 0}
    - target: {fileID: 2363752, guid: adeea2bb97a7dd540b24a35a90073f55, type: 3}
      propertyPath: m_Materials.Array.data[0]
      value: 
      objectReference: {fileID: 2100000, guid: 404c31d0792138543bda0411c79502fe, type: 2}
    m_RemovedComponents: []
  m_SourcePrefab: {fileID: 100100000, guid: adeea2bb97a7dd540b24a35a90073f55, type: 3}
--- !u!4 &7452906531328436536 stripped
Transform:
  m_CorrespondingSourceObject: {fileID: 412470, guid: adeea2bb97a7dd540b24a35a90073f55,
    type: 3}
  m_PrefabInstance: {fileID: 7452906531328320014}
  m_PrefabAsset: {fileID: 0}
--- !u!1001 &8032171869019928321
PrefabInstance:
  m_ObjectHideFlags: 0
  serializedVersion: 2
  m_Modification:
    m_TransformParent: {fileID: 697623151446002101}
    m_Modifications:
    - target: {fileID: 170498, guid: adeea2bb97a7dd540b24a35a90073f55, type: 3}
      propertyPath: m_Name
      value: Trap_Prickle_00 (13)
      objectReference: {fileID: 0}
    - target: {fileID: 412470, guid: adeea2bb97a7dd540b24a35a90073f55, type: 3}
      propertyPath: m_LocalPosition.x
      value: 0.013527341
      objectReference: {fileID: 0}
    - target: {fileID: 412470, guid: adeea2bb97a7dd540b24a35a90073f55, type: 3}
      propertyPath: m_LocalPosition.y
      value: -0.5751953
      objectReference: {fileID: 0}
    - target: {fileID: 412470, guid: adeea2bb97a7dd540b24a35a90073f55, type: 3}
      propertyPath: m_LocalPosition.z
      value: 0.29565233
      objectReference: {fileID: 0}
    - target: {fileID: 412470, guid: adeea2bb97a7dd540b24a35a90073f55, type: 3}
      propertyPath: m_LocalRotation.x
      value: -0
      objectReference: {fileID: 0}
    - target: {fileID: 412470, guid: adeea2bb97a7dd540b24a35a90073f55, type: 3}
      propertyPath: m_LocalRotation.y
      value: -0
      objectReference: {fileID: 0}
    - target: {fileID: 412470, guid: adeea2bb97a7dd540b24a35a90073f55, type: 3}
      propertyPath: m_LocalRotation.z
      value: -0
      objectReference: {fileID: 0}
    - target: {fileID: 412470, guid: adeea2bb97a7dd540b24a35a90073f55, type: 3}
      propertyPath: m_LocalRotation.w
      value: 1
      objectReference: {fileID: 0}
    - target: {fileID: 412470, guid: adeea2bb97a7dd540b24a35a90073f55, type: 3}
      propertyPath: m_RootOrder
      value: 12
      objectReference: {fileID: 0}
    - target: {fileID: 412470, guid: adeea2bb97a7dd540b24a35a90073f55, type: 3}
      propertyPath: m_LocalEulerAnglesHint.x
      value: 0
      objectReference: {fileID: 0}
    - target: {fileID: 412470, guid: adeea2bb97a7dd540b24a35a90073f55, type: 3}
      propertyPath: m_LocalEulerAnglesHint.y
      value: 0
      objectReference: {fileID: 0}
    - target: {fileID: 412470, guid: adeea2bb97a7dd540b24a35a90073f55, type: 3}
      propertyPath: m_LocalEulerAnglesHint.z
      value: 0
      objectReference: {fileID: 0}
    - target: {fileID: 2363752, guid: adeea2bb97a7dd540b24a35a90073f55, type: 3}
      propertyPath: m_Materials.Array.data[0]
      value: 
      objectReference: {fileID: 2100000, guid: 404c31d0792138543bda0411c79502fe, type: 2}
    m_RemovedComponents: []
  m_SourcePrefab: {fileID: 100100000, guid: adeea2bb97a7dd540b24a35a90073f55, type: 3}
--- !u!4 &8032171869020306487 stripped
Transform:
  m_CorrespondingSourceObject: {fileID: 412470, guid: adeea2bb97a7dd540b24a35a90073f55,
    type: 3}
  m_PrefabInstance: {fileID: 8032171869019928321}
  m_PrefabAsset: {fileID: 0}
--- !u!1001 &9148736231221898560
PrefabInstance:
  m_ObjectHideFlags: 0
  serializedVersion: 2
  m_Modification:
    m_TransformParent: {fileID: 697623151446002101}
    m_Modifications:
    - target: {fileID: 170498, guid: adeea2bb97a7dd540b24a35a90073f55, type: 3}
      propertyPath: m_Name
      value: Trap_Prickle_00
      objectReference: {fileID: 0}
    - target: {fileID: 412470, guid: adeea2bb97a7dd540b24a35a90073f55, type: 3}
      propertyPath: m_LocalPosition.x
      value: -0.38447267
      objectReference: {fileID: 0}
    - target: {fileID: 412470, guid: adeea2bb97a7dd540b24a35a90073f55, type: 3}
      propertyPath: m_LocalPosition.y
      value: -0.5751953
      objectReference: {fileID: 0}
    - target: {fileID: 412470, guid: adeea2bb97a7dd540b24a35a90073f55, type: 3}
      propertyPath: m_LocalPosition.z
      value: -0.30634767
      objectReference: {fileID: 0}
    - target: {fileID: 412470, guid: adeea2bb97a7dd540b24a35a90073f55, type: 3}
      propertyPath: m_LocalRotation.x
      value: -0
      objectReference: {fileID: 0}
    - target: {fileID: 412470, guid: adeea2bb97a7dd540b24a35a90073f55, type: 3}
      propertyPath: m_LocalRotation.y
      value: -0
      objectReference: {fileID: 0}
    - target: {fileID: 412470, guid: adeea2bb97a7dd540b24a35a90073f55, type: 3}
      propertyPath: m_LocalRotation.z
      value: -0
      objectReference: {fileID: 0}
    - target: {fileID: 412470, guid: adeea2bb97a7dd540b24a35a90073f55, type: 3}
      propertyPath: m_LocalRotation.w
      value: 1
      objectReference: {fileID: 0}
    - target: {fileID: 412470, guid: adeea2bb97a7dd540b24a35a90073f55, type: 3}
      propertyPath: m_RootOrder
      value: 15
      objectReference: {fileID: 0}
    - target: {fileID: 412470, guid: adeea2bb97a7dd540b24a35a90073f55, type: 3}
      propertyPath: m_LocalEulerAnglesHint.x
      value: 0
      objectReference: {fileID: 0}
    - target: {fileID: 412470, guid: adeea2bb97a7dd540b24a35a90073f55, type: 3}
      propertyPath: m_LocalEulerAnglesHint.y
      value: 0
      objectReference: {fileID: 0}
    - target: {fileID: 412470, guid: adeea2bb97a7dd540b24a35a90073f55, type: 3}
      propertyPath: m_LocalEulerAnglesHint.z
      value: 0
      objectReference: {fileID: 0}
    - target: {fileID: 2363752, guid: adeea2bb97a7dd540b24a35a90073f55, type: 3}
      propertyPath: m_Materials.Array.data[0]
      value: 
      objectReference: {fileID: 2100000, guid: 404c31d0792138543bda0411c79502fe, type: 2}
    m_RemovedComponents: []
  m_SourcePrefab: {fileID: 100100000, guid: adeea2bb97a7dd540b24a35a90073f55, type: 3}
--- !u!4 &9148736231222044278 stripped
Transform:
  m_CorrespondingSourceObject: {fileID: 412470, guid: adeea2bb97a7dd540b24a35a90073f55,
    type: 3}
  m_PrefabInstance: {fileID: 9148736231221898560}
  m_PrefabAsset: {fileID: 0}
