%YAML 1.1
%TAG !u! tag:unity3d.com,2011:
--- !u!65 &390668173708861453
BoxCollider:
  m_ObjectHideFlags: 0
  m_CorrespondingSourceObject: {fileID: 0}
  m_PrefabInstance: {fileID: 0}
  m_PrefabAsset: {fileID: 0}
  m_GameObject: {fileID: 390668173708764836}
  m_Material: {fileID: 0}
  m_IsTrigger: 1
  m_Enabled: 1
  serializedVersion: 2
  m_Size: {x: 1.5171181, y: 1.4951406, z: 1.238646}
  m_Center: {x: 0.01098935, y: 0.00000020479864, z: 0.4477957}
--- !u!95 &390668173708861442
Animator:
  serializedVersion: 3
  m_ObjectHideFlags: 0
  m_CorrespondingSourceObject: {fileID: 0}
  m_PrefabInstance: {fileID: 0}
  m_PrefabAsset: {fileID: 0}
  m_GameObject: {fileID: 390668173708764836}
  m_Enabled: 1
  m_Avatar: {fileID: 0}
  m_Controller: {fileID: 9100000, guid: 9b45c6c32407c2d46a9e285ea03a5035, type: 2}
  m_CullingMode: 0
  m_UpdateMode: 0
  m_ApplyRootMotion: 0
  m_LinearVelocityBlending: 0
  m_WarningMessage: 
  m_HasTransformHierarchy: 1
  m_AllowConstantClipSamplingOptimization: 1
  m_KeepAnimatorControllerStateOnDisable: 0
--- !u!65 &6083839168318715395
BoxCollider:
  m_ObjectHideFlags: 0
  m_CorrespondingSourceObject: {fileID: 0}
  m_PrefabInstance: {fileID: 0}
  m_PrefabAsset: {fileID: 0}
  m_GameObject: {fileID: 390668173730009803}
  m_Material: {fileID: 0}
  m_IsTrigger: 0
  m_Enabled: 1
  serializedVersion: 2
  m_Size: {x: 1.0000015, y: 0.8000003, z: 1.0000026}
  m_Center: {x: 0.0000005364418, y: -0.3999998, z: -0.0000004172325}
--- !u!1 &390668173747988882
GameObject:
  m_ObjectHideFlags: 0
  m_CorrespondingSourceObject: {fileID: 0}
  m_PrefabInstance: {fileID: 0}
  m_PrefabAsset: {fileID: 0}
  serializedVersion: 6
  m_Component:
  - component: {fileID: 390668173747988893}
  m_Layer: 0
  m_Name: TrapFire2
  m_TagString: Untagged
  m_Icon: {fileID: 0}
  m_NavMeshLayer: 0
  m_StaticEditorFlags: 0
  m_IsActive: 1
--- !u!4 &390668173747988893
Transform:
  m_ObjectHideFlags: 0
  m_CorrespondingSourceObject: {fileID: 0}
  m_PrefabInstance: {fileID: 0}
  m_PrefabAsset: {fileID: 0}
  m_GameObject: {fileID: 390668173747988882}
  m_LocalRotation: {x: 0, y: 0, z: 0, w: 1}
  m_LocalPosition: {x: 0, y: 0, z: 0}
  m_LocalScale: {x: 1, y: 1, z: 1}
  m_Children:
  - {fileID: 390668173708475012}
  - {fileID: 390668173730302955}
  m_Father: {fileID: 0}
  m_RootOrder: 0
  m_LocalEulerAnglesHint: {x: 0, y: 0, z: 0}
--- !u!1001 &390668173708861440
PrefabInstance:
  m_ObjectHideFlags: 0
  serializedVersion: 2
  m_Modification:
    m_TransformParent: {fileID: 390668173747988893}
    m_Modifications:
    - target: {fileID: 400004, guid: 1c20c7996d683754db1f0f62a361952c, type: 3}
      propertyPath: m_LocalPosition.x
      value: 0
      objectReference: {fileID: 0}
    - target: {fileID: 400004, guid: 1c20c7996d683754db1f0f62a361952c, type: 3}
      propertyPath: m_LocalPosition.y
      value: -0.696
      objectReference: {fileID: 0}
    - target: {fileID: 400004, guid: 1c20c7996d683754db1f0f62a361952c, type: 3}
      propertyPath: m_LocalPosition.z
      value: 0
      objectReference: {fileID: 0}
    - target: {fileID: 400004, guid: 1c20c7996d683754db1f0f62a361952c, type: 3}
      propertyPath: m_LocalRotation.x
      value: -0.7071068
      objectReference: {fileID: 0}
    - target: {fileID: 400004, guid: 1c20c7996d683754db1f0f62a361952c, type: 3}
      propertyPath: m_LocalRotation.y
      value: -0
      objectReference: {fileID: 0}
    - target: {fileID: 400004, guid: 1c20c7996d683754db1f0f62a361952c, type: 3}
      propertyPath: m_LocalRotation.z
      value: -0
      objectReference: {fileID: 0}
    - target: {fileID: 400004, guid: 1c20c7996d683754db1f0f62a361952c, type: 3}
      propertyPath: m_LocalRotation.w
      value: 0.7071068
      objectReference: {fileID: 0}
    - target: {fileID: 400004, guid: 1c20c7996d683754db1f0f62a361952c, type: 3}
      propertyPath: m_RootOrder
      value: 0
      objectReference: {fileID: 0}
    - target: {fileID: 400004, guid: 1c20c7996d683754db1f0f62a361952c, type: 3}
      propertyPath: m_LocalEulerAnglesHint.x
      value: 0
      objectReference: {fileID: 0}
    - target: {fileID: 400004, guid: 1c20c7996d683754db1f0f62a361952c, type: 3}
      propertyPath: m_LocalEulerAnglesHint.y
      value: 0
      objectReference: {fileID: 0}
    - target: {fileID: 400004, guid: 1c20c7996d683754db1f0f62a361952c, type: 3}
      propertyPath: m_LocalEulerAnglesHint.z
      value: 0
      objectReference: {fileID: 0}
    - target: {fileID: 400004, guid: 1c20c7996d683754db1f0f62a361952c, type: 3}
      propertyPath: m_LocalScale.x
      value: 0.5828
      objectReference: {fileID: 0}
    - target: {fileID: 400004, guid: 1c20c7996d683754db1f0f62a361952c, type: 3}
      propertyPath: m_LocalScale.y
      value: 0.5828
      objectReference: {fileID: 0}
    - target: {fileID: 400004, guid: 1c20c7996d683754db1f0f62a361952c, type: 3}
      propertyPath: m_LocalScale.z
      value: 0.5828
      objectReference: {fileID: 0}
    - target: {fileID: 100004, guid: 1c20c7996d683754db1f0f62a361952c, type: 3}
      propertyPath: m_Name
      value: CFX4 Fire
      objectReference: {fileID: 0}
    - target: {fileID: 100004, guid: 1c20c7996d683754db1f0f62a361952c, type: 3}
      propertyPath: m_TagString
      value: Trap
      objectReference: {fileID: 0}
    m_RemovedComponents: []
  m_SourcePrefab: {fileID: 100100000, guid: 1c20c7996d683754db1f0f62a361952c, type: 3}
--- !u!1 &390668173708764836 stripped
GameObject:
  m_CorrespondingSourceObject: {fileID: 100004, guid: 1c20c7996d683754db1f0f62a361952c,
    type: 3}
  m_PrefabInstance: {fileID: 390668173708861440}
  m_PrefabAsset: {fileID: 0}
--- !u!4 &390668173708475012 stripped
Transform:
  m_CorrespondingSourceObject: {fileID: 400004, guid: 1c20c7996d683754db1f0f62a361952c,
    type: 3}
  m_PrefabInstance: {fileID: 390668173708861440}
  m_PrefabAsset: {fileID: 0}
--- !u!1001 &390668173729946623
PrefabInstance:
  m_ObjectHideFlags: 0
  serializedVersion: 2
  m_Modification:
    m_TransformParent: {fileID: 390668173747988893}
    m_Modifications:
    - target: {fileID: 198964, guid: 33455213e29c44448a2fa39e40c29c35, type: 3}
      propertyPath: m_Name
      value: Desert_Fire_4
      objectReference: {fileID: 0}
    - target: {fileID: 198964, guid: 33455213e29c44448a2fa39e40c29c35, type: 3}
      propertyPath: m_TagString
      value: Ground
      objectReference: {fileID: 0}
    - target: {fileID: 495636, guid: 33455213e29c44448a2fa39e40c29c35, type: 3}
      propertyPath: m_LocalPosition.x
      value: 0
      objectReference: {fileID: 0}
    - target: {fileID: 495636, guid: 33455213e29c44448a2fa39e40c29c35, type: 3}
      propertyPath: m_LocalPosition.y
      value: 0
      objectReference: {fileID: 0}
    - target: {fileID: 495636, guid: 33455213e29c44448a2fa39e40c29c35, type: 3}
      propertyPath: m_LocalPosition.z
      value: 0
      objectReference: {fileID: 0}
    - target: {fileID: 495636, guid: 33455213e29c44448a2fa39e40c29c35, type: 3}
      propertyPath: m_LocalRotation.x
      value: 0
      objectReference: {fileID: 0}
    - target: {fileID: 495636, guid: 33455213e29c44448a2fa39e40c29c35, type: 3}
      propertyPath: m_LocalRotation.y
      value: 0
      objectReference: {fileID: 0}
    - target: {fileID: 495636, guid: 33455213e29c44448a2fa39e40c29c35, type: 3}
      propertyPath: m_LocalRotation.z
      value: 0
      objectReference: {fileID: 0}
    - target: {fileID: 495636, guid: 33455213e29c44448a2fa39e40c29c35, type: 3}
      propertyPath: m_LocalRotation.w
      value: 1
      objectReference: {fileID: 0}
    - target: {fileID: 495636, guid: 33455213e29c44448a2fa39e40c29c35, type: 3}
      propertyPath: m_RootOrder
      value: 1
      objectReference: {fileID: 0}
    - target: {fileID: 495636, guid: 33455213e29c44448a2fa39e40c29c35, type: 3}
      propertyPath: m_LocalEulerAnglesHint.x
      value: 0
      objectReference: {fileID: 0}
    - target: {fileID: 495636, guid: 33455213e29c44448a2fa39e40c29c35, type: 3}
      propertyPath: m_LocalEulerAnglesHint.y
      value: 0
      objectReference: {fileID: 0}
    - target: {fileID: 495636, guid: 33455213e29c44448a2fa39e40c29c35, type: 3}
      propertyPath: m_LocalEulerAnglesHint.z
      value: 0
      objectReference: {fileID: 0}
    m_RemovedComponents: []
  m_SourcePrefab: {fileID: 100100000, guid: 33455213e29c44448a2fa39e40c29c35, type: 3}
--- !u!1 &390668173730009803 stripped
GameObject:
  m_CorrespondingSourceObject: {fileID: 198964, guid: 33455213e29c44448a2fa39e40c29c35,
    type: 3}
  m_PrefabInstance: {fileID: 390668173729946623}
  m_PrefabAsset: {fileID: 0}
--- !u!4 &390668173730302955 stripped
Transform:
  m_CorrespondingSourceObject: {fileID: 495636, guid: 33455213e29c44448a2fa39e40c29c35,
    type: 3}
  m_PrefabInstance: {fileID: 390668173729946623}
  m_PrefabAsset: {fileID: 0}
