%YAML 1.1
%TAG !u! tag:unity3d.com,2011:
--- !u!65 &2877266479097414941
BoxCollider:
  m_ObjectHideFlags: 0
  m_CorrespondingSourceObject: {fileID: 0}
  m_PrefabInstance: {fileID: 0}
  m_PrefabAsset: {fileID: 0}
  m_GameObject: {fileID: 5811250007440670692}
  m_Material: {fileID: 0}
  m_IsTrigger: 0
  m_Enabled: 1
  serializedVersion: 2
  m_Size: {x: 1.0000029, y: 0.8000011, z: 1.0000024}
  m_Center: {x: 0.0000020712614, y: -0.40000013, z: 0.00000062584877}
--- !u!1 &7431899127736610623
GameObject:
  m_ObjectHideFlags: 0
  m_CorrespondingSourceObject: {fileID: 0}
  m_PrefabInstance: {fileID: 0}
  m_PrefabAsset: {fileID: 0}
  serializedVersion: 6
  m_Component:
  - component: {fileID: 2379532875672367078}
  m_Layer: 0
  m_Name: TrapPrickle3
  m_TagString: Untagged
  m_Icon: {fileID: 0}
  m_NavMeshLayer: 0
  m_StaticEditorFlags: 0
  m_IsActive: 1
--- !u!4 &2379532875672367078
Transform:
  m_ObjectHideFlags: 0
  m_CorrespondingSourceObject: {fileID: 0}
  m_PrefabInstance: {fileID: 0}
  m_PrefabAsset: {fileID: 0}
  m_GameObject: {fileID: 7431899127736610623}
  m_LocalRotation: {x: 0, y: 0, z: 0, w: 1}
  m_LocalPosition: {x: 0, y: 0, z: -2}
  m_LocalScale: {x: 1, y: 1, z: 1}
  m_Children:
  - {fileID: 3807581162041509895}
  - {fileID: 5811250007440482640}
  m_Father: {fileID: 0}
  m_RootOrder: 0
  m_LocalEulerAnglesHint: {x: 0, y: 0, z: 0}
--- !u!1 &8451192020310547612
GameObject:
  m_ObjectHideFlags: 0
  m_CorrespondingSourceObject: {fileID: 0}
  m_PrefabInstance: {fileID: 0}
  m_PrefabAsset: {fileID: 0}
  serializedVersion: 6
  m_Component:
  - component: {fileID: 3807581162041509895}
  - component: {fileID: 602997493322917805}
  - component: {fileID: 8096230686508649685}
  m_Layer: 0
  m_Name: Prickles
  m_TagString: Trap
  m_Icon: {fileID: 0}
  m_NavMeshLayer: 0
  m_StaticEditorFlags: 0
  m_IsActive: 1
--- !u!4 &3807581162041509895
Transform:
  m_ObjectHideFlags: 0
  m_CorrespondingSourceObject: {fileID: 0}
  m_PrefabInstance: {fileID: 0}
  m_PrefabAsset: {fileID: 0}
  m_GameObject: {fileID: 8451192020310547612}
  m_LocalRotation: {x: -0, y: -0, z: -0, w: 1}
  m_LocalPosition: {x: 0.08447266, y: 0.5751953, z: 0.006347656}
  m_LocalScale: {x: 1, y: 1, z: 1}
  m_Children:
  - {fileID: 1825382016298799556}
  - {fileID: 3281561065737999434}
  - {fileID: 1263421445645234531}
  - {fileID: 1957488938773233537}
  - {fileID: 6527552260669688721}
  - {fileID: 4119128985329838821}
  - {fileID: 2182384737176883551}
  - {fileID: 6982385475945924013}
  - {fileID: 5735955524538632470}
  - {fileID: 7851970837575202245}
  - {fileID: 1030896201048159679}
  - {fileID: 6163857086583212174}
  - {fileID: 2445922932300821509}
  - {fileID: 2420034010295006755}
  - {fileID: 7740476242925693230}
  - {fileID: 6877204618307795313}
  m_Father: {fileID: 2379532875672367078}
  m_RootOrder: 0
  m_LocalEulerAnglesHint: {x: 0, y: 0, z: 0}
--- !u!95 &602997493322917805
Animator:
  serializedVersion: 3
  m_ObjectHideFlags: 0
  m_CorrespondingSourceObject: {fileID: 0}
  m_PrefabInstance: {fileID: 0}
  m_PrefabAsset: {fileID: 0}
  m_GameObject: {fileID: 8451192020310547612}
  m_Enabled: 1
  m_Avatar: {fileID: 0}
  m_Controller: {fileID: 9100000, guid: 3dbc7f584d0868e4e94fdfa609b8d364, type: 2}
  m_CullingMode: 0
  m_UpdateMode: 0
  m_ApplyRootMotion: 0
  m_LinearVelocityBlending: 0
  m_WarningMessage: 
  m_HasTransformHierarchy: 1
  m_AllowConstantClipSamplingOptimization: 1
  m_KeepAnimatorControllerStateOnDisable: 0
--- !u!65 &8096230686508649685
BoxCollider:
  m_ObjectHideFlags: 0
  m_CorrespondingSourceObject: {fileID: 0}
  m_PrefabInstance: {fileID: 0}
  m_PrefabAsset: {fileID: 0}
  m_GameObject: {fileID: 8451192020310547612}
  m_Material: {fileID: 0}
  m_IsTrigger: 0
  m_Enabled: 1
  serializedVersion: 2
  m_Size: {x: 0.74288154, y: 0.73756194, z: 0.7961693}
  m_Center: {x: -0.08570607, y: -0.39905083, z: 0}
--- !u!1001 &1030896201047752329
PrefabInstance:
  m_ObjectHideFlags: 0
  serializedVersion: 2
  m_Modification:
    m_TransformParent: {fileID: 3807581162041509895}
    m_Modifications:
    - target: {fileID: 170498, guid: adeea2bb97a7dd540b24a35a90073f55, type: 3}
      propertyPath: m_Name
      value: Trap_Prickle_00 (11)
      objectReference: {fileID: 0}
    - target: {fileID: 412470, guid: adeea2bb97a7dd540b24a35a90073f55, type: 3}
      propertyPath: m_LocalPosition.x
      value: 0.21552736
      objectReference: {fileID: 0}
    - target: {fileID: 412470, guid: adeea2bb97a7dd540b24a35a90073f55, type: 3}
      propertyPath: m_LocalPosition.y
      value: -0.5751953
      objectReference: {fileID: 0}
    - target: {fileID: 412470, guid: adeea2bb97a7dd540b24a35a90073f55, type: 3}
      propertyPath: m_LocalPosition.z
      value: 0.29265234
      objectReference: {fileID: 0}
    - target: {fileID: 412470, guid: adeea2bb97a7dd540b24a35a90073f55, type: 3}
      propertyPath: m_LocalRotation.x
      value: -0
      objectReference: {fileID: 0}
    - target: {fileID: 412470, guid: adeea2bb97a7dd540b24a35a90073f55, type: 3}
      propertyPath: m_LocalRotation.y
      value: -0
      objectReference: {fileID: 0}
    - target: {fileID: 412470, guid: adeea2bb97a7dd540b24a35a90073f55, type: 3}
      propertyPath: m_LocalRotation.z
      value: -0
      objectReference: {fileID: 0}
    - target: {fileID: 412470, guid: adeea2bb97a7dd540b24a35a90073f55, type: 3}
      propertyPath: m_LocalRotation.w
      value: 1
      objectReference: {fileID: 0}
    - target: {fileID: 412470, guid: adeea2bb97a7dd540b24a35a90073f55, type: 3}
      propertyPath: m_RootOrder
      value: 10
      objectReference: {fileID: 0}
    - target: {fileID: 412470, guid: adeea2bb97a7dd540b24a35a90073f55, type: 3}
      propertyPath: m_LocalEulerAnglesHint.x
      value: 0
      objectReference: {fileID: 0}
    - target: {fileID: 412470, guid: adeea2bb97a7dd540b24a35a90073f55, type: 3}
      propertyPath: m_LocalEulerAnglesHint.y
      value: 0
      objectReference: {fileID: 0}
    - target: {fileID: 412470, guid: adeea2bb97a7dd540b24a35a90073f55, type: 3}
      propertyPath: m_LocalEulerAnglesHint.z
      value: 0
      objectReference: {fileID: 0}
    - target: {fileID: 2363752, guid: adeea2bb97a7dd540b24a35a90073f55, type: 3}
      propertyPath: m_Materials.Array.data[0]
      value: 
      objectReference: {fileID: 2100000, guid: 404c31d0792138543bda0411c79502fe, type: 2}
    m_RemovedComponents: []
  m_SourcePrefab: {fileID: 100100000, guid: adeea2bb97a7dd540b24a35a90073f55, type: 3}
--- !u!4 &1030896201048159679 stripped
Transform:
  m_CorrespondingSourceObject: {fileID: 412470, guid: adeea2bb97a7dd540b24a35a90073f55,
    type: 3}
  m_PrefabInstance: {fileID: 1030896201047752329}
  m_PrefabAsset: {fileID: 0}
--- !u!1001 &1263421445645351509
PrefabInstance:
  m_ObjectHideFlags: 0
  serializedVersion: 2
  m_Modification:
    m_TransformParent: {fileID: 3807581162041509895}
    m_Modifications:
    - target: {fileID: 170498, guid: adeea2bb97a7dd540b24a35a90073f55, type: 3}
      propertyPath: m_Name
      value: Trap_Prickle_00 (4)
      objectReference: {fileID: 0}
    - target: {fileID: 412470, guid: adeea2bb97a7dd540b24a35a90073f55, type: 3}
      propertyPath: m_LocalPosition.x
      value: -0.38447267
      objectReference: {fileID: 0}
    - target: {fileID: 412470, guid: adeea2bb97a7dd540b24a35a90073f55, type: 3}
      propertyPath: m_LocalPosition.y
      value: -0.5751953
      objectReference: {fileID: 0}
    - target: {fileID: 412470, guid: adeea2bb97a7dd540b24a35a90073f55, type: 3}
      propertyPath: m_LocalPosition.z
      value: -0.105347656
      objectReference: {fileID: 0}
    - target: {fileID: 412470, guid: adeea2bb97a7dd540b24a35a90073f55, type: 3}
      propertyPath: m_LocalRotation.x
      value: -0
      objectReference: {fileID: 0}
    - target: {fileID: 412470, guid: adeea2bb97a7dd540b24a35a90073f55, type: 3}
      propertyPath: m_LocalRotation.y
      value: -0
      objectReference: {fileID: 0}
    - target: {fileID: 412470, guid: adeea2bb97a7dd540b24a35a90073f55, type: 3}
      propertyPath: m_LocalRotation.z
      value: -0
      objectReference: {fileID: 0}
    - target: {fileID: 412470, guid: adeea2bb97a7dd540b24a35a90073f55, type: 3}
      propertyPath: m_LocalRotation.w
      value: 1
      objectReference: {fileID: 0}
    - target: {fileID: 412470, guid: adeea2bb97a7dd540b24a35a90073f55, type: 3}
      propertyPath: m_RootOrder
      value: 2
      objectReference: {fileID: 0}
    - target: {fileID: 412470, guid: adeea2bb97a7dd540b24a35a90073f55, type: 3}
      propertyPath: m_LocalEulerAnglesHint.x
      value: 0
      objectReference: {fileID: 0}
    - target: {fileID: 412470, guid: adeea2bb97a7dd540b24a35a90073f55, type: 3}
      propertyPath: m_LocalEulerAnglesHint.y
      value: 0
      objectReference: {fileID: 0}
    - target: {fileID: 412470, guid: adeea2bb97a7dd540b24a35a90073f55, type: 3}
      propertyPath: m_LocalEulerAnglesHint.z
      value: 0
      objectReference: {fileID: 0}
    - target: {fileID: 2363752, guid: adeea2bb97a7dd540b24a35a90073f55, type: 3}
      propertyPath: m_Materials.Array.data[0]
      value: 
      objectReference: {fileID: 2100000, guid: 404c31d0792138543bda0411c79502fe, type: 2}
    m_RemovedComponents: []
  m_SourcePrefab: {fileID: 100100000, guid: adeea2bb97a7dd540b24a35a90073f55, type: 3}
--- !u!4 &1263421445645234531 stripped
Transform:
  m_CorrespondingSourceObject: {fileID: 412470, guid: adeea2bb97a7dd540b24a35a90073f55,
    type: 3}
  m_PrefabInstance: {fileID: 1263421445645351509}
  m_PrefabAsset: {fileID: 0}
--- !u!1001 &1825382016299178738
PrefabInstance:
  m_ObjectHideFlags: 0
  serializedVersion: 2
  m_Modification:
    m_TransformParent: {fileID: 3807581162041509895}
    m_Modifications:
    - target: {fileID: 170498, guid: adeea2bb97a7dd540b24a35a90073f55, type: 3}
      propertyPath: m_Name
      value: Trap_Prickle_00 (2)
      objectReference: {fileID: 0}
    - target: {fileID: 412470, guid: adeea2bb97a7dd540b24a35a90073f55, type: 3}
      propertyPath: m_LocalPosition.x
      value: 0.013527341
      objectReference: {fileID: 0}
    - target: {fileID: 412470, guid: adeea2bb97a7dd540b24a35a90073f55, type: 3}
      propertyPath: m_LocalPosition.y
      value: -0.5751953
      objectReference: {fileID: 0}
    - target: {fileID: 412470, guid: adeea2bb97a7dd540b24a35a90073f55, type: 3}
      propertyPath: m_LocalPosition.z
      value: -0.30634767
      objectReference: {fileID: 0}
    - target: {fileID: 412470, guid: adeea2bb97a7dd540b24a35a90073f55, type: 3}
      propertyPath: m_LocalRotation.x
      value: -0
      objectReference: {fileID: 0}
    - target: {fileID: 412470, guid: adeea2bb97a7dd540b24a35a90073f55, type: 3}
      propertyPath: m_LocalRotation.y
      value: -0
      objectReference: {fileID: 0}
    - target: {fileID: 412470, guid: adeea2bb97a7dd540b24a35a90073f55, type: 3}
      propertyPath: m_LocalRotation.z
      value: -0
      objectReference: {fileID: 0}
    - target: {fileID: 412470, guid: adeea2bb97a7dd540b24a35a90073f55, type: 3}
      propertyPath: m_LocalRotation.w
      value: 1
      objectReference: {fileID: 0}
    - target: {fileID: 412470, guid: adeea2bb97a7dd540b24a35a90073f55, type: 3}
      propertyPath: m_RootOrder
      value: 0
      objectReference: {fileID: 0}
    - target: {fileID: 412470, guid: adeea2bb97a7dd540b24a35a90073f55, type: 3}
      propertyPath: m_LocalEulerAnglesHint.x
      value: 0
      objectReference: {fileID: 0}
    - target: {fileID: 412470, guid: adeea2bb97a7dd540b24a35a90073f55, type: 3}
      propertyPath: m_LocalEulerAnglesHint.y
      value: 0
      objectReference: {fileID: 0}
    - target: {fileID: 412470, guid: adeea2bb97a7dd540b24a35a90073f55, type: 3}
      propertyPath: m_LocalEulerAnglesHint.z
      value: 0
      objectReference: {fileID: 0}
    - target: {fileID: 2363752, guid: adeea2bb97a7dd540b24a35a90073f55, type: 3}
      propertyPath: m_Materials.Array.data[0]
      value: 
      objectReference: {fileID: 2100000, guid: 404c31d0792138543bda0411c79502fe, type: 2}
    m_RemovedComponents: []
  m_SourcePrefab: {fileID: 100100000, guid: adeea2bb97a7dd540b24a35a90073f55, type: 3}
--- !u!4 &1825382016298799556 stripped
Transform:
  m_CorrespondingSourceObject: {fileID: 412470, guid: adeea2bb97a7dd540b24a35a90073f55,
    type: 3}
  m_PrefabInstance: {fileID: 1825382016299178738}
  m_PrefabAsset: {fileID: 0}
--- !u!1001 &1957488938773116087
PrefabInstance:
  m_ObjectHideFlags: 0
  serializedVersion: 2
  m_Modification:
    m_TransformParent: {fileID: 3807581162041509895}
    m_Modifications:
    - target: {fileID: 170498, guid: adeea2bb97a7dd540b24a35a90073f55, type: 3}
      propertyPath: m_Name
      value: Trap_Prickle_00 (5)
      objectReference: {fileID: 0}
    - target: {fileID: 412470, guid: adeea2bb97a7dd540b24a35a90073f55, type: 3}
      propertyPath: m_LocalPosition.x
      value: -0.38447267
      objectReference: {fileID: 0}
    - target: {fileID: 412470, guid: adeea2bb97a7dd540b24a35a90073f55, type: 3}
      propertyPath: m_LocalPosition.y
      value: -0.5751953
      objectReference: {fileID: 0}
    - target: {fileID: 412470, guid: adeea2bb97a7dd540b24a35a90073f55, type: 3}
      propertyPath: m_LocalPosition.z
      value: 0.09265234
      objectReference: {fileID: 0}
    - target: {fileID: 412470, guid: adeea2bb97a7dd540b24a35a90073f55, type: 3}
      propertyPath: m_LocalRotation.x
      value: -0
      objectReference: {fileID: 0}
    - target: {fileID: 412470, guid: adeea2bb97a7dd540b24a35a90073f55, type: 3}
      propertyPath: m_LocalRotation.y
      value: -0
      objectReference: {fileID: 0}
    - target: {fileID: 412470, guid: adeea2bb97a7dd540b24a35a90073f55, type: 3}
      propertyPath: m_LocalRotation.z
      value: -0
      objectReference: {fileID: 0}
    - target: {fileID: 412470, guid: adeea2bb97a7dd540b24a35a90073f55, type: 3}
      propertyPath: m_LocalRotation.w
      value: 1
      objectReference: {fileID: 0}
    - target: {fileID: 412470, guid: adeea2bb97a7dd540b24a35a90073f55, type: 3}
      propertyPath: m_RootOrder
      value: 3
      objectReference: {fileID: 0}
    - target: {fileID: 412470, guid: adeea2bb97a7dd540b24a35a90073f55, type: 3}
      propertyPath: m_LocalEulerAnglesHint.x
      value: 0
      objectReference: {fileID: 0}
    - target: {fileID: 412470, guid: adeea2bb97a7dd540b24a35a90073f55, type: 3}
      propertyPath: m_LocalEulerAnglesHint.y
      value: 0
      objectReference: {fileID: 0}
    - target: {fileID: 412470, guid: adeea2bb97a7dd540b24a35a90073f55, type: 3}
      propertyPath: m_LocalEulerAnglesHint.z
      value: 0
      objectReference: {fileID: 0}
    - target: {fileID: 2363752, guid: adeea2bb97a7dd540b24a35a90073f55, type: 3}
      propertyPath: m_Materials.Array.data[0]
      value: 
      objectReference: {fileID: 2100000, guid: 404c31d0792138543bda0411c79502fe, type: 2}
    m_RemovedComponents: []
  m_SourcePrefab: {fileID: 100100000, guid: adeea2bb97a7dd540b24a35a90073f55, type: 3}
--- !u!4 &1957488938773233537 stripped
Transform:
  m_CorrespondingSourceObject: {fileID: 412470, guid: adeea2bb97a7dd540b24a35a90073f55,
    type: 3}
  m_PrefabInstance: {fileID: 1957488938773116087}
  m_PrefabAsset: {fileID: 0}
--- !u!1001 &2182384737177295465
PrefabInstance:
  m_ObjectHideFlags: 0
  serializedVersion: 2
  m_Modification:
    m_TransformParent: {fileID: 3807581162041509895}
    m_Modifications:
    - target: {fileID: 170498, guid: adeea2bb97a7dd540b24a35a90073f55, type: 3}
      propertyPath: m_Name
      value: Trap_Prickle_00 (7)
      objectReference: {fileID: 0}
    - target: {fileID: 412470, guid: adeea2bb97a7dd540b24a35a90073f55, type: 3}
      propertyPath: m_LocalPosition.x
      value: -0.18547267
      objectReference: {fileID: 0}
    - target: {fileID: 412470, guid: adeea2bb97a7dd540b24a35a90073f55, type: 3}
      propertyPath: m_LocalPosition.y
      value: -0.5751953
      objectReference: {fileID: 0}
    - target: {fileID: 412470, guid: adeea2bb97a7dd540b24a35a90073f55, type: 3}
      propertyPath: m_LocalPosition.z
      value: -0.10434765
      objectReference: {fileID: 0}
    - target: {fileID: 412470, guid: adeea2bb97a7dd540b24a35a90073f55, type: 3}
      propertyPath: m_LocalRotation.x
      value: -0
      objectReference: {fileID: 0}
    - target: {fileID: 412470, guid: adeea2bb97a7dd540b24a35a90073f55, type: 3}
      propertyPath: m_LocalRotation.y
      value: -0
      objectReference: {fileID: 0}
    - target: {fileID: 412470, guid: adeea2bb97a7dd540b24a35a90073f55, type: 3}
      propertyPath: m_LocalRotation.z
      value: -0
      objectReference: {fileID: 0}
    - target: {fileID: 412470, guid: adeea2bb97a7dd540b24a35a90073f55, type: 3}
      propertyPath: m_LocalRotation.w
      value: 1
      objectReference: {fileID: 0}
    - target: {fileID: 412470, guid: adeea2bb97a7dd540b24a35a90073f55, type: 3}
      propertyPath: m_RootOrder
      value: 6
      objectReference: {fileID: 0}
    - target: {fileID: 412470, guid: adeea2bb97a7dd540b24a35a90073f55, type: 3}
      propertyPath: m_LocalEulerAnglesHint.x
      value: 0
      objectReference: {fileID: 0}
    - target: {fileID: 412470, guid: adeea2bb97a7dd540b24a35a90073f55, type: 3}
      propertyPath: m_LocalEulerAnglesHint.y
      value: 0
      objectReference: {fileID: 0}
    - target: {fileID: 412470, guid: adeea2bb97a7dd540b24a35a90073f55, type: 3}
      propertyPath: m_LocalEulerAnglesHint.z
      value: 0
      objectReference: {fileID: 0}
    - target: {fileID: 2363752, guid: adeea2bb97a7dd540b24a35a90073f55, type: 3}
      propertyPath: m_Materials.Array.data[0]
      value: 
      objectReference: {fileID: 2100000, guid: 404c31d0792138543bda0411c79502fe, type: 2}
    m_RemovedComponents: []
  m_SourcePrefab: {fileID: 100100000, guid: adeea2bb97a7dd540b24a35a90073f55, type: 3}
--- !u!4 &2182384737176883551 stripped
Transform:
  m_CorrespondingSourceObject: {fileID: 412470, guid: adeea2bb97a7dd540b24a35a90073f55,
    type: 3}
  m_PrefabInstance: {fileID: 2182384737177295465}
  m_PrefabAsset: {fileID: 0}
--- !u!1001 &2420034010294598933
PrefabInstance:
  m_ObjectHideFlags: 0
  serializedVersion: 2
  m_Modification:
    m_TransformParent: {fileID: 3807581162041509895}
    m_Modifications:
    - target: {fileID: 170498, guid: adeea2bb97a7dd540b24a35a90073f55, type: 3}
      propertyPath: m_Name
      value: Trap_Prickle_00 (14)
      objectReference: {fileID: 0}
    - target: {fileID: 412470, guid: adeea2bb97a7dd540b24a35a90073f55, type: 3}
      propertyPath: m_LocalPosition.x
      value: -0.18547267
      objectReference: {fileID: 0}
    - target: {fileID: 412470, guid: adeea2bb97a7dd540b24a35a90073f55, type: 3}
      propertyPath: m_LocalPosition.y
      value: -0.5751953
      objectReference: {fileID: 0}
    - target: {fileID: 412470, guid: adeea2bb97a7dd540b24a35a90073f55, type: 3}
      propertyPath: m_LocalPosition.z
      value: 0.093652345
      objectReference: {fileID: 0}
    - target: {fileID: 412470, guid: adeea2bb97a7dd540b24a35a90073f55, type: 3}
      propertyPath: m_LocalRotation.x
      value: -0
      objectReference: {fileID: 0}
    - target: {fileID: 412470, guid: adeea2bb97a7dd540b24a35a90073f55, type: 3}
      propertyPath: m_LocalRotation.y
      value: -0
      objectReference: {fileID: 0}
    - target: {fileID: 412470, guid: adeea2bb97a7dd540b24a35a90073f55, type: 3}
      propertyPath: m_LocalRotation.z
      value: -0
      objectReference: {fileID: 0}
    - target: {fileID: 412470, guid: adeea2bb97a7dd540b24a35a90073f55, type: 3}
      propertyPath: m_LocalRotation.w
      value: 1
      objectReference: {fileID: 0}
    - target: {fileID: 412470, guid: adeea2bb97a7dd540b24a35a90073f55, type: 3}
      propertyPath: m_RootOrder
      value: 13
      objectReference: {fileID: 0}
    - target: {fileID: 412470, guid: adeea2bb97a7dd540b24a35a90073f55, type: 3}
      propertyPath: m_LocalEulerAnglesHint.x
      value: 0
      objectReference: {fileID: 0}
    - target: {fileID: 412470, guid: adeea2bb97a7dd540b24a35a90073f55, type: 3}
      propertyPath: m_LocalEulerAnglesHint.y
      value: 0
      objectReference: {fileID: 0}
    - target: {fileID: 412470, guid: adeea2bb97a7dd540b24a35a90073f55, type: 3}
      propertyPath: m_LocalEulerAnglesHint.z
      value: 0
      objectReference: {fileID: 0}
    - target: {fileID: 2363752, guid: adeea2bb97a7dd540b24a35a90073f55, type: 3}
      propertyPath: m_Materials.Array.data[0]
      value: 
      objectReference: {fileID: 2100000, guid: 404c31d0792138543bda0411c79502fe, type: 2}
    m_RemovedComponents: []
  m_SourcePrefab: {fileID: 100100000, guid: adeea2bb97a7dd540b24a35a90073f55, type: 3}
--- !u!4 &2420034010295006755 stripped
Transform:
  m_CorrespondingSourceObject: {fileID: 412470, guid: adeea2bb97a7dd540b24a35a90073f55,
    type: 3}
  m_PrefabInstance: {fileID: 2420034010294598933}
  m_PrefabAsset: {fileID: 0}
--- !u!1001 &2445922932300709683
PrefabInstance:
  m_ObjectHideFlags: 0
  serializedVersion: 2
  m_Modification:
    m_TransformParent: {fileID: 3807581162041509895}
    m_Modifications:
    - target: {fileID: 170498, guid: adeea2bb97a7dd540b24a35a90073f55, type: 3}
      propertyPath: m_Name
      value: Trap_Prickle_00 (13)
      objectReference: {fileID: 0}
    - target: {fileID: 412470, guid: adeea2bb97a7dd540b24a35a90073f55, type: 3}
      propertyPath: m_LocalPosition.x
      value: 0.013527341
      objectReference: {fileID: 0}
    - target: {fileID: 412470, guid: adeea2bb97a7dd540b24a35a90073f55, type: 3}
      propertyPath: m_LocalPosition.y
      value: -0.5751953
      objectReference: {fileID: 0}
    - target: {fileID: 412470, guid: adeea2bb97a7dd540b24a35a90073f55, type: 3}
      propertyPath: m_LocalPosition.z
      value: 0.29565233
      objectReference: {fileID: 0}
    - target: {fileID: 412470, guid: adeea2bb97a7dd540b24a35a90073f55, type: 3}
      propertyPath: m_LocalRotation.x
      value: -0
      objectReference: {fileID: 0}
    - target: {fileID: 412470, guid: adeea2bb97a7dd540b24a35a90073f55, type: 3}
      propertyPath: m_LocalRotation.y
      value: -0
      objectReference: {fileID: 0}
    - target: {fileID: 412470, guid: adeea2bb97a7dd540b24a35a90073f55, type: 3}
      propertyPath: m_LocalRotation.z
      value: -0
      objectReference: {fileID: 0}
    - target: {fileID: 412470, guid: adeea2bb97a7dd540b24a35a90073f55, type: 3}
      propertyPath: m_LocalRotation.w
      value: 1
      objectReference: {fileID: 0}
    - target: {fileID: 412470, guid: adeea2bb97a7dd540b24a35a90073f55, type: 3}
      propertyPath: m_RootOrder
      value: 12
      objectReference: {fileID: 0}
    - target: {fileID: 412470, guid: adeea2bb97a7dd540b24a35a90073f55, type: 3}
      propertyPath: m_LocalEulerAnglesHint.x
      value: 0
      objectReference: {fileID: 0}
    - target: {fileID: 412470, guid: adeea2bb97a7dd540b24a35a90073f55, type: 3}
      propertyPath: m_LocalEulerAnglesHint.y
      value: 0
      objectReference: {fileID: 0}
    - target: {fileID: 412470, guid: adeea2bb97a7dd540b24a35a90073f55, type: 3}
      propertyPath: m_LocalEulerAnglesHint.z
      value: 0
      objectReference: {fileID: 0}
    - target: {fileID: 2363752, guid: adeea2bb97a7dd540b24a35a90073f55, type: 3}
      propertyPath: m_Materials.Array.data[0]
      value: 
      objectReference: {fileID: 2100000, guid: 404c31d0792138543bda0411c79502fe, type: 2}
    m_RemovedComponents: []
  m_SourcePrefab: {fileID: 100100000, guid: adeea2bb97a7dd540b24a35a90073f55, type: 3}
--- !u!4 &2445922932300821509 stripped
Transform:
  m_CorrespondingSourceObject: {fileID: 412470, guid: adeea2bb97a7dd540b24a35a90073f55,
    type: 3}
  m_PrefabInstance: {fileID: 2445922932300709683}
  m_PrefabAsset: {fileID: 0}
--- !u!1001 &3281561065738379132
PrefabInstance:
  m_ObjectHideFlags: 0
  serializedVersion: 2
  m_Modification:
    m_TransformParent: {fileID: 3807581162041509895}
    m_Modifications:
    - target: {fileID: 170498, guid: adeea2bb97a7dd540b24a35a90073f55, type: 3}
      propertyPath: m_Name
      value: Trap_Prickle_00 (3)
      objectReference: {fileID: 0}
    - target: {fileID: 412470, guid: adeea2bb97a7dd540b24a35a90073f55, type: 3}
      propertyPath: m_LocalPosition.x
      value: 0.21552736
      objectReference: {fileID: 0}
    - target: {fileID: 412470, guid: adeea2bb97a7dd540b24a35a90073f55, type: 3}
      propertyPath: m_LocalPosition.y
      value: -0.5751953
      objectReference: {fileID: 0}
    - target: {fileID: 412470, guid: adeea2bb97a7dd540b24a35a90073f55, type: 3}
      propertyPath: m_LocalPosition.z
      value: -0.30734766
      objectReference: {fileID: 0}
    - target: {fileID: 412470, guid: adeea2bb97a7dd540b24a35a90073f55, type: 3}
      propertyPath: m_LocalRotation.x
      value: -0
      objectReference: {fileID: 0}
    - target: {fileID: 412470, guid: adeea2bb97a7dd540b24a35a90073f55, type: 3}
      propertyPath: m_LocalRotation.y
      value: -0
      objectReference: {fileID: 0}
    - target: {fileID: 412470, guid: adeea2bb97a7dd540b24a35a90073f55, type: 3}
      propertyPath: m_LocalRotation.z
      value: -0
      objectReference: {fileID: 0}
    - target: {fileID: 412470, guid: adeea2bb97a7dd540b24a35a90073f55, type: 3}
      propertyPath: m_LocalRotation.w
      value: 1
      objectReference: {fileID: 0}
    - target: {fileID: 412470, guid: adeea2bb97a7dd540b24a35a90073f55, type: 3}
      propertyPath: m_RootOrder
      value: 1
      objectReference: {fileID: 0}
    - target: {fileID: 412470, guid: adeea2bb97a7dd540b24a35a90073f55, type: 3}
      propertyPath: m_LocalEulerAnglesHint.x
      value: 0
      objectReference: {fileID: 0}
    - target: {fileID: 412470, guid: adeea2bb97a7dd540b24a35a90073f55, type: 3}
      propertyPath: m_LocalEulerAnglesHint.y
      value: 0
      objectReference: {fileID: 0}
    - target: {fileID: 412470, guid: adeea2bb97a7dd540b24a35a90073f55, type: 3}
      propertyPath: m_LocalEulerAnglesHint.z
      value: 0
      objectReference: {fileID: 0}
    - target: {fileID: 2363752, guid: adeea2bb97a7dd540b24a35a90073f55, type: 3}
      propertyPath: m_Materials.Array.data[0]
      value: 
      objectReference: {fileID: 2100000, guid: 404c31d0792138543bda0411c79502fe, type: 2}
    m_RemovedComponents: []
  m_SourcePrefab: {fileID: 100100000, guid: adeea2bb97a7dd540b24a35a90073f55, type: 3}
--- !u!4 &3281561065737999434 stripped
Transform:
  m_CorrespondingSourceObject: {fileID: 412470, guid: adeea2bb97a7dd540b24a35a90073f55,
    type: 3}
  m_PrefabInstance: {fileID: 3281561065738379132}
  m_PrefabAsset: {fileID: 0}
--- !u!1001 &4119128985330246099
PrefabInstance:
  m_ObjectHideFlags: 0
  serializedVersion: 2
  m_Modification:
    m_TransformParent: {fileID: 3807581162041509895}
    m_Modifications:
    - target: {fileID: 170498, guid: adeea2bb97a7dd540b24a35a90073f55, type: 3}
      propertyPath: m_Name
      value: Trap_Prickle_00 (1)
      objectReference: {fileID: 0}
    - target: {fileID: 412470, guid: adeea2bb97a7dd540b24a35a90073f55, type: 3}
      propertyPath: m_LocalPosition.x
      value: -0.18547267
      objectReference: {fileID: 0}
    - target: {fileID: 412470, guid: adeea2bb97a7dd540b24a35a90073f55, type: 3}
      propertyPath: m_LocalPosition.y
      value: -0.5751953
      objectReference: {fileID: 0}
    - target: {fileID: 412470, guid: adeea2bb97a7dd540b24a35a90073f55, type: 3}
      propertyPath: m_LocalPosition.z
      value: -0.30634767
      objectReference: {fileID: 0}
    - target: {fileID: 412470, guid: adeea2bb97a7dd540b24a35a90073f55, type: 3}
      propertyPath: m_LocalRotation.x
      value: -0
      objectReference: {fileID: 0}
    - target: {fileID: 412470, guid: adeea2bb97a7dd540b24a35a90073f55, type: 3}
      propertyPath: m_LocalRotation.y
      value: -0
      objectReference: {fileID: 0}
    - target: {fileID: 412470, guid: adeea2bb97a7dd540b24a35a90073f55, type: 3}
      propertyPath: m_LocalRotation.z
      value: -0
      objectReference: {fileID: 0}
    - target: {fileID: 412470, guid: adeea2bb97a7dd540b24a35a90073f55, type: 3}
      propertyPath: m_LocalRotation.w
      value: 1
      objectReference: {fileID: 0}
    - target: {fileID: 412470, guid: adeea2bb97a7dd540b24a35a90073f55, type: 3}
      propertyPath: m_RootOrder
      value: 5
      objectReference: {fileID: 0}
    - target: {fileID: 412470, guid: adeea2bb97a7dd540b24a35a90073f55, type: 3}
      propertyPath: m_LocalEulerAnglesHint.x
      value: 0
      objectReference: {fileID: 0}
    - target: {fileID: 412470, guid: adeea2bb97a7dd540b24a35a90073f55, type: 3}
      propertyPath: m_LocalEulerAnglesHint.y
      value: 0
      objectReference: {fileID: 0}
    - target: {fileID: 412470, guid: adeea2bb97a7dd540b24a35a90073f55, type: 3}
      propertyPath: m_LocalEulerAnglesHint.z
      value: 0
      objectReference: {fileID: 0}
    - target: {fileID: 2363752, guid: adeea2bb97a7dd540b24a35a90073f55, type: 3}
      propertyPath: m_Materials.Array.data[0]
      value: 
      objectReference: {fileID: 2100000, guid: 404c31d0792138543bda0411c79502fe, type: 2}
    m_RemovedComponents: []
  m_SourcePrefab: {fileID: 100100000, guid: adeea2bb97a7dd540b24a35a90073f55, type: 3}
--- !u!4 &4119128985329838821 stripped
Transform:
  m_CorrespondingSourceObject: {fileID: 412470, guid: adeea2bb97a7dd540b24a35a90073f55,
    type: 3}
  m_PrefabInstance: {fileID: 4119128985330246099}
  m_PrefabAsset: {fileID: 0}
--- !u!1001 &5735955524539040288
PrefabInstance:
  m_ObjectHideFlags: 0
  serializedVersion: 2
  m_Modification:
    m_TransformParent: {fileID: 3807581162041509895}
    m_Modifications:
    - target: {fileID: 170498, guid: adeea2bb97a7dd540b24a35a90073f55, type: 3}
      propertyPath: m_Name
      value: Trap_Prickle_00 (9)
      objectReference: {fileID: 0}
    - target: {fileID: 412470, guid: adeea2bb97a7dd540b24a35a90073f55, type: 3}
      propertyPath: m_LocalPosition.x
      value: 0.21552736
      objectReference: {fileID: 0}
    - target: {fileID: 412470, guid: adeea2bb97a7dd540b24a35a90073f55, type: 3}
      propertyPath: m_LocalPosition.y
      value: -0.5751953
      objectReference: {fileID: 0}
    - target: {fileID: 412470, guid: adeea2bb97a7dd540b24a35a90073f55, type: 3}
      propertyPath: m_LocalPosition.z
      value: -0.10634766
      objectReference: {fileID: 0}
    - target: {fileID: 412470, guid: adeea2bb97a7dd540b24a35a90073f55, type: 3}
      propertyPath: m_LocalRotation.x
      value: -0
      objectReference: {fileID: 0}
    - target: {fileID: 412470, guid: adeea2bb97a7dd540b24a35a90073f55, type: 3}
      propertyPath: m_LocalRotation.y
      value: -0
      objectReference: {fileID: 0}
    - target: {fileID: 412470, guid: adeea2bb97a7dd540b24a35a90073f55, type: 3}
      propertyPath: m_LocalRotation.z
      value: -0
      objectReference: {fileID: 0}
    - target: {fileID: 412470, guid: adeea2bb97a7dd540b24a35a90073f55, type: 3}
      propertyPath: m_LocalRotation.w
      value: 1
      objectReference: {fileID: 0}
    - target: {fileID: 412470, guid: adeea2bb97a7dd540b24a35a90073f55, type: 3}
      propertyPath: m_RootOrder
      value: 8
      objectReference: {fileID: 0}
    - target: {fileID: 412470, guid: adeea2bb97a7dd540b24a35a90073f55, type: 3}
      propertyPath: m_LocalEulerAnglesHint.x
      value: 0
      objectReference: {fileID: 0}
    - target: {fileID: 412470, guid: adeea2bb97a7dd540b24a35a90073f55, type: 3}
      propertyPath: m_LocalEulerAnglesHint.y
      value: 0
      objectReference: {fileID: 0}
    - target: {fileID: 412470, guid: adeea2bb97a7dd540b24a35a90073f55, type: 3}
      propertyPath: m_LocalEulerAnglesHint.z
      value: 0
      objectReference: {fileID: 0}
    - target: {fileID: 2363752, guid: adeea2bb97a7dd540b24a35a90073f55, type: 3}
      propertyPath: m_Materials.Array.data[0]
      value: 
      objectReference: {fileID: 2100000, guid: 404c31d0792138543bda0411c79502fe, type: 2}
    m_RemovedComponents: []
  m_SourcePrefab: {fileID: 100100000, guid: adeea2bb97a7dd540b24a35a90073f55, type: 3}
--- !u!4 &5735955524538632470 stripped
Transform:
  m_CorrespondingSourceObject: {fileID: 412470, guid: adeea2bb97a7dd540b24a35a90073f55,
    type: 3}
  m_PrefabInstance: {fileID: 5735955524539040288}
  m_PrefabAsset: {fileID: 0}
--- !u!1001 &5811250007440785712
PrefabInstance:
  m_ObjectHideFlags: 0
  serializedVersion: 2
  m_Modification:
    m_TransformParent: {fileID: 2379532875672367078}
    m_Modifications:
    - target: {fileID: 483424, guid: 08ef17fa8bbfd0b4a9411df2fdcf5fb2, type: 3}
      propertyPath: m_LocalPosition.x
      value: 0
      objectReference: {fileID: 0}
    - target: {fileID: 483424, guid: 08ef17fa8bbfd0b4a9411df2fdcf5fb2, type: 3}
      propertyPath: m_LocalPosition.y
      value: 0
      objectReference: {fileID: 0}
    - target: {fileID: 483424, guid: 08ef17fa8bbfd0b4a9411df2fdcf5fb2, type: 3}
      propertyPath: m_LocalPosition.z
      value: 0
      objectReference: {fileID: 0}
    - target: {fileID: 483424, guid: 08ef17fa8bbfd0b4a9411df2fdcf5fb2, type: 3}
      propertyPath: m_LocalRotation.x
      value: 0
      objectReference: {fileID: 0}
    - target: {fileID: 483424, guid: 08ef17fa8bbfd0b4a9411df2fdcf5fb2, type: 3}
      propertyPath: m_LocalRotation.y
      value: 0
      objectReference: {fileID: 0}
    - target: {fileID: 483424, guid: 08ef17fa8bbfd0b4a9411df2fdcf5fb2, type: 3}
      propertyPath: m_LocalRotation.z
      value: 0
      objectReference: {fileID: 0}
    - target: {fileID: 483424, guid: 08ef17fa8bbfd0b4a9411df2fdcf5fb2, type: 3}
      propertyPath: m_LocalRotation.w
      value: 1
      objectReference: {fileID: 0}
    - target: {fileID: 483424, guid: 08ef17fa8bbfd0b4a9411df2fdcf5fb2, type: 3}
      propertyPath: m_RootOrder
      value: 1
      objectReference: {fileID: 0}
    - target: {fileID: 483424, guid: 08ef17fa8bbfd0b4a9411df2fdcf5fb2, type: 3}
      propertyPath: m_LocalEulerAnglesHint.x
      value: 0
      objectReference: {fileID: 0}
    - target: {fileID: 483424, guid: 08ef17fa8bbfd0b4a9411df2fdcf5fb2, type: 3}
      propertyPath: m_LocalEulerAnglesHint.y
      value: 0
      objectReference: {fileID: 0}
    - target: {fileID: 483424, guid: 08ef17fa8bbfd0b4a9411df2fdcf5fb2, type: 3}
      propertyPath: m_LocalEulerAnglesHint.z
      value: 0
      objectReference: {fileID: 0}
    - target: {fileID: 147156, guid: 08ef17fa8bbfd0b4a9411df2fdcf5fb2, type: 3}
      propertyPath: m_Name
      value: Fort_Trap_4
      objectReference: {fileID: 0}
    - target: {fileID: 147156, guid: 08ef17fa8bbfd0b4a9411df2fdcf5fb2, type: 3}
      propertyPath: m_TagString
      value: Ground
      objectReference: {fileID: 0}
    m_RemovedComponents: []
  m_SourcePrefab: {fileID: 100100000, guid: 08ef17fa8bbfd0b4a9411df2fdcf5fb2, type: 3}
--- !u!1 &5811250007440670692 stripped
GameObject:
  m_CorrespondingSourceObject: {fileID: 147156, guid: 08ef17fa8bbfd0b4a9411df2fdcf5fb2,
    type: 3}
  m_PrefabInstance: {fileID: 5811250007440785712}
  m_PrefabAsset: {fileID: 0}
--- !u!4 &5811250007440482640 stripped
Transform:
  m_CorrespondingSourceObject: {fileID: 483424, guid: 08ef17fa8bbfd0b4a9411df2fdcf5fb2,
    type: 3}
  m_PrefabInstance: {fileID: 5811250007440785712}
  m_PrefabAsset: {fileID: 0}
--- !u!1001 &6163857086583620536
PrefabInstance:
  m_ObjectHideFlags: 0
  serializedVersion: 2
  m_Modification:
    m_TransformParent: {fileID: 3807581162041509895}
    m_Modifications:
    - target: {fileID: 170498, guid: adeea2bb97a7dd540b24a35a90073f55, type: 3}
      propertyPath: m_Name
      value: Trap_Prickle_00 (12)
      objectReference: {fileID: 0}
    - target: {fileID: 412470, guid: adeea2bb97a7dd540b24a35a90073f55, type: 3}
      propertyPath: m_LocalPosition.x
      value: 0.013527341
      objectReference: {fileID: 0}
    - target: {fileID: 412470, guid: adeea2bb97a7dd540b24a35a90073f55, type: 3}
      propertyPath: m_LocalPosition.y
      value: -0.5751953
      objectReference: {fileID: 0}
    - target: {fileID: 412470, guid: adeea2bb97a7dd540b24a35a90073f55, type: 3}
      propertyPath: m_LocalPosition.z
      value: 0.09465235
      objectReference: {fileID: 0}
    - target: {fileID: 412470, guid: adeea2bb97a7dd540b24a35a90073f55, type: 3}
      propertyPath: m_LocalRotation.x
      value: -0
      objectReference: {fileID: 0}
    - target: {fileID: 412470, guid: adeea2bb97a7dd540b24a35a90073f55, type: 3}
      propertyPath: m_LocalRotation.y
      value: -0
      objectReference: {fileID: 0}
    - target: {fileID: 412470, guid: adeea2bb97a7dd540b24a35a90073f55, type: 3}
      propertyPath: m_LocalRotation.z
      value: -0
      objectReference: {fileID: 0}
    - target: {fileID: 412470, guid: adeea2bb97a7dd540b24a35a90073f55, type: 3}
      propertyPath: m_LocalRotation.w
      value: 1
      objectReference: {fileID: 0}
    - target: {fileID: 412470, guid: adeea2bb97a7dd540b24a35a90073f55, type: 3}
      propertyPath: m_RootOrder
      value: 11
      objectReference: {fileID: 0}
    - target: {fileID: 412470, guid: adeea2bb97a7dd540b24a35a90073f55, type: 3}
      propertyPath: m_LocalEulerAnglesHint.x
      value: 0
      objectReference: {fileID: 0}
    - target: {fileID: 412470, guid: adeea2bb97a7dd540b24a35a90073f55, type: 3}
      propertyPath: m_LocalEulerAnglesHint.y
      value: 0
      objectReference: {fileID: 0}
    - target: {fileID: 412470, guid: adeea2bb97a7dd540b24a35a90073f55, type: 3}
      propertyPath: m_LocalEulerAnglesHint.z
      value: 0
      objectReference: {fileID: 0}
    - target: {fileID: 2363752, guid: adeea2bb97a7dd540b24a35a90073f55, type: 3}
      propertyPath: m_Materials.Array.data[0]
      value: 
      objectReference: {fileID: 2100000, guid: 404c31d0792138543bda0411c79502fe, type: 2}
    m_RemovedComponents: []
  m_SourcePrefab: {fileID: 100100000, guid: adeea2bb97a7dd540b24a35a90073f55, type: 3}
--- !u!4 &6163857086583212174 stripped
Transform:
  m_CorrespondingSourceObject: {fileID: 412470, guid: adeea2bb97a7dd540b24a35a90073f55,
    type: 3}
  m_PrefabInstance: {fileID: 6163857086583620536}
  m_PrefabAsset: {fileID: 0}
--- !u!1001 &6527552260669800615
PrefabInstance:
  m_ObjectHideFlags: 0
  serializedVersion: 2
  m_Modification:
    m_TransformParent: {fileID: 3807581162041509895}
    m_Modifications:
    - target: {fileID: 170498, guid: adeea2bb97a7dd540b24a35a90073f55, type: 3}
      propertyPath: m_Name
      value: Trap_Prickle_00 (6)
      objectReference: {fileID: 0}
    - target: {fileID: 412470, guid: adeea2bb97a7dd540b24a35a90073f55, type: 3}
      propertyPath: m_LocalPosition.x
      value: -0.38447267
      objectReference: {fileID: 0}
    - target: {fileID: 412470, guid: adeea2bb97a7dd540b24a35a90073f55, type: 3}
      propertyPath: m_LocalPosition.y
      value: -0.5751953
      objectReference: {fileID: 0}
    - target: {fileID: 412470, guid: adeea2bb97a7dd540b24a35a90073f55, type: 3}
      propertyPath: m_LocalPosition.z
      value: 0.29465234
      objectReference: {fileID: 0}
    - target: {fileID: 412470, guid: adeea2bb97a7dd540b24a35a90073f55, type: 3}
      propertyPath: m_LocalRotation.x
      value: -0
      objectReference: {fileID: 0}
    - target: {fileID: 412470, guid: adeea2bb97a7dd540b24a35a90073f55, type: 3}
      propertyPath: m_LocalRotation.y
      value: -0
      objectReference: {fileID: 0}
    - target: {fileID: 412470, guid: adeea2bb97a7dd540b24a35a90073f55, type: 3}
      propertyPath: m_LocalRotation.z
      value: -0
      objectReference: {fileID: 0}
    - target: {fileID: 412470, guid: adeea2bb97a7dd540b24a35a90073f55, type: 3}
      propertyPath: m_LocalRotation.w
      value: 1
      objectReference: {fileID: 0}
    - target: {fileID: 412470, guid: adeea2bb97a7dd540b24a35a90073f55, type: 3}
      propertyPath: m_RootOrder
      value: 4
      objectReference: {fileID: 0}
    - target: {fileID: 412470, guid: adeea2bb97a7dd540b24a35a90073f55, type: 3}
      propertyPath: m_LocalEulerAnglesHint.x
      value: 0
      objectReference: {fileID: 0}
    - target: {fileID: 412470, guid: adeea2bb97a7dd540b24a35a90073f55, type: 3}
      propertyPath: m_LocalEulerAnglesHint.y
      value: 0
      objectReference: {fileID: 0}
    - target: {fileID: 412470, guid: adeea2bb97a7dd540b24a35a90073f55, type: 3}
      propertyPath: m_LocalEulerAnglesHint.z
      value: 0
      objectReference: {fileID: 0}
    - target: {fileID: 2363752, guid: adeea2bb97a7dd540b24a35a90073f55, type: 3}
      propertyPath: m_Materials.Array.data[0]
      value: 
      objectReference: {fileID: 2100000, guid: 404c31d0792138543bda0411c79502fe, type: 2}
    m_RemovedComponents: []
  m_SourcePrefab: {fileID: 100100000, guid: adeea2bb97a7dd540b24a35a90073f55, type: 3}
--- !u!4 &6527552260669688721 stripped
Transform:
  m_CorrespondingSourceObject: {fileID: 412470, guid: adeea2bb97a7dd540b24a35a90073f55,
    type: 3}
  m_PrefabInstance: {fileID: 6527552260669800615}
  m_PrefabAsset: {fileID: 0}
--- !u!1001 &6877204618308170311
PrefabInstance:
  m_ObjectHideFlags: 0
  serializedVersion: 2
  m_Modification:
    m_TransformParent: {fileID: 3807581162041509895}
    m_Modifications:
    - target: {fileID: 170498, guid: adeea2bb97a7dd540b24a35a90073f55, type: 3}
      propertyPath: m_Name
      value: Trap_Prickle_00
      objectReference: {fileID: 0}
    - target: {fileID: 412470, guid: adeea2bb97a7dd540b24a35a90073f55, type: 3}
      propertyPath: m_LocalPosition.x
      value: -0.38447267
      objectReference: {fileID: 0}
    - target: {fileID: 412470, guid: adeea2bb97a7dd540b24a35a90073f55, type: 3}
      propertyPath: m_LocalPosition.y
      value: -0.5751953
      objectReference: {fileID: 0}
    - target: {fileID: 412470, guid: adeea2bb97a7dd540b24a35a90073f55, type: 3}
      propertyPath: m_LocalPosition.z
      value: -0.30634767
      objectReference: {fileID: 0}
    - target: {fileID: 412470, guid: adeea2bb97a7dd540b24a35a90073f55, type: 3}
      propertyPath: m_LocalRotation.x
      value: -0
      objectReference: {fileID: 0}
    - target: {fileID: 412470, guid: adeea2bb97a7dd540b24a35a90073f55, type: 3}
      propertyPath: m_LocalRotation.y
      value: -0
      objectReference: {fileID: 0}
    - target: {fileID: 412470, guid: adeea2bb97a7dd540b24a35a90073f55, type: 3}
      propertyPath: m_LocalRotation.z
      value: -0
      objectReference: {fileID: 0}
    - target: {fileID: 412470, guid: adeea2bb97a7dd540b24a35a90073f55, type: 3}
      propertyPath: m_LocalRotation.w
      value: 1
      objectReference: {fileID: 0}
    - target: {fileID: 412470, guid: adeea2bb97a7dd540b24a35a90073f55, type: 3}
      propertyPath: m_RootOrder
      value: 15
      objectReference: {fileID: 0}
    - target: {fileID: 412470, guid: adeea2bb97a7dd540b24a35a90073f55, type: 3}
      propertyPath: m_LocalEulerAnglesHint.x
      value: 0
      objectReference: {fileID: 0}
    - target: {fileID: 412470, guid: adeea2bb97a7dd540b24a35a90073f55, type: 3}
      propertyPath: m_LocalEulerAnglesHint.y
      value: 0
      objectReference: {fileID: 0}
    - target: {fileID: 412470, guid: adeea2bb97a7dd540b24a35a90073f55, type: 3}
      propertyPath: m_LocalEulerAnglesHint.z
      value: 0
      objectReference: {fileID: 0}
    - target: {fileID: 2363752, guid: adeea2bb97a7dd540b24a35a90073f55, type: 3}
      propertyPath: m_Materials.Array.data[0]
      value: 
      objectReference: {fileID: 2100000, guid: 404c31d0792138543bda0411c79502fe, type: 2}
    m_RemovedComponents: []
  m_SourcePrefab: {fileID: 100100000, guid: adeea2bb97a7dd540b24a35a90073f55, type: 3}
--- !u!4 &6877204618307795313 stripped
Transform:
  m_CorrespondingSourceObject: {fileID: 412470, guid: adeea2bb97a7dd540b24a35a90073f55,
    type: 3}
  m_PrefabInstance: {fileID: 6877204618308170311}
  m_PrefabAsset: {fileID: 0}
--- !u!1001 &6982385475946073755
PrefabInstance:
  m_ObjectHideFlags: 0
  serializedVersion: 2
  m_Modification:
    m_TransformParent: {fileID: 3807581162041509895}
    m_Modifications:
    - target: {fileID: 170498, guid: adeea2bb97a7dd540b24a35a90073f55, type: 3}
      propertyPath: m_Name
      value: Trap_Prickle_00 (8)
      objectReference: {fileID: 0}
    - target: {fileID: 412470, guid: adeea2bb97a7dd540b24a35a90073f55, type: 3}
      propertyPath: m_LocalPosition.x
      value: 0.013527341
      objectReference: {fileID: 0}
    - target: {fileID: 412470, guid: adeea2bb97a7dd540b24a35a90073f55, type: 3}
      propertyPath: m_LocalPosition.y
      value: -0.5751953
      objectReference: {fileID: 0}
    - target: {fileID: 412470, guid: adeea2bb97a7dd540b24a35a90073f55, type: 3}
      propertyPath: m_LocalPosition.z
      value: -0.10734766
      objectReference: {fileID: 0}
    - target: {fileID: 412470, guid: adeea2bb97a7dd540b24a35a90073f55, type: 3}
      propertyPath: m_LocalRotation.x
      value: -0
      objectReference: {fileID: 0}
    - target: {fileID: 412470, guid: adeea2bb97a7dd540b24a35a90073f55, type: 3}
      propertyPath: m_LocalRotation.y
      value: -0
      objectReference: {fileID: 0}
    - target: {fileID: 412470, guid: adeea2bb97a7dd540b24a35a90073f55, type: 3}
      propertyPath: m_LocalRotation.z
      value: -0
      objectReference: {fileID: 0}
    - target: {fileID: 412470, guid: adeea2bb97a7dd540b24a35a90073f55, type: 3}
      propertyPath: m_LocalRotation.w
      value: 1
      objectReference: {fileID: 0}
    - target: {fileID: 412470, guid: adeea2bb97a7dd540b24a35a90073f55, type: 3}
      propertyPath: m_RootOrder
      value: 7
      objectReference: {fileID: 0}
    - target: {fileID: 412470, guid: adeea2bb97a7dd540b24a35a90073f55, type: 3}
      propertyPath: m_LocalEulerAnglesHint.x
      value: 0
      objectReference: {fileID: 0}
    - target: {fileID: 412470, guid: adeea2bb97a7dd540b24a35a90073f55, type: 3}
      propertyPath: m_LocalEulerAnglesHint.y
      value: 0
      objectReference: {fileID: 0}
    - target: {fileID: 412470, guid: adeea2bb97a7dd540b24a35a90073f55, type: 3}
      propertyPath: m_LocalEulerAnglesHint.z
      value: 0
      objectReference: {fileID: 0}
    - target: {fileID: 2363752, guid: adeea2bb97a7dd540b24a35a90073f55, type: 3}
      propertyPath: m_Materials.Array.data[0]
      value: 
      objectReference: {fileID: 2100000, guid: 404c31d0792138543bda0411c79502fe, type: 2}
    m_RemovedComponents: []
  m_SourcePrefab: {fileID: 100100000, guid: adeea2bb97a7dd540b24a35a90073f55, type: 3}
--- !u!4 &6982385475945924013 stripped
Transform:
  m_CorrespondingSourceObject: {fileID: 412470, guid: adeea2bb97a7dd540b24a35a90073f55,
    type: 3}
  m_PrefabInstance: {fileID: 6982385475946073755}
  m_PrefabAsset: {fileID: 0}
--- !u!1001 &7740476242925314584
PrefabInstance:
  m_ObjectHideFlags: 0
  serializedVersion: 2
  m_Modification:
    m_TransformParent: {fileID: 3807581162041509895}
    m_Modifications:
    - target: {fileID: 170498, guid: adeea2bb97a7dd540b24a35a90073f55, type: 3}
      propertyPath: m_Name
      value: Trap_Prickle_00 (15)
      objectReference: {fileID: 0}
    - target: {fileID: 412470, guid: adeea2bb97a7dd540b24a35a90073f55, type: 3}
      propertyPath: m_LocalPosition.x
      value: -0.18547267
      objectReference: {fileID: 0}
    - target: {fileID: 412470, guid: adeea2bb97a7dd540b24a35a90073f55, type: 3}
      propertyPath: m_LocalPosition.y
      value: -0.5751953
      objectReference: {fileID: 0}
    - target: {fileID: 412470, guid: adeea2bb97a7dd540b24a35a90073f55, type: 3}
      propertyPath: m_LocalPosition.z
      value: 0.29165235
      objectReference: {fileID: 0}
    - target: {fileID: 412470, guid: adeea2bb97a7dd540b24a35a90073f55, type: 3}
      propertyPath: m_LocalRotation.x
      value: -0
      objectReference: {fileID: 0}
    - target: {fileID: 412470, guid: adeea2bb97a7dd540b24a35a90073f55, type: 3}
      propertyPath: m_LocalRotation.y
      value: -0
      objectReference: {fileID: 0}
    - target: {fileID: 412470, guid: adeea2bb97a7dd540b24a35a90073f55, type: 3}
      propertyPath: m_LocalRotation.z
      value: -0
      objectReference: {fileID: 0}
    - target: {fileID: 412470, guid: adeea2bb97a7dd540b24a35a90073f55, type: 3}
      propertyPath: m_LocalRotation.w
      value: 1
      objectReference: {fileID: 0}
    - target: {fileID: 412470, guid: adeea2bb97a7dd540b24a35a90073f55, type: 3}
      propertyPath: m_RootOrder
      value: 14
      objectReference: {fileID: 0}
    - target: {fileID: 412470, guid: adeea2bb97a7dd540b24a35a90073f55, type: 3}
      propertyPath: m_LocalEulerAnglesHint.x
      value: 0
      objectReference: {fileID: 0}
    - target: {fileID: 412470, guid: adeea2bb97a7dd540b24a35a90073f55, type: 3}
      propertyPath: m_LocalEulerAnglesHint.y
      value: 0
      objectReference: {fileID: 0}
    - target: {fileID: 412470, guid: adeea2bb97a7dd540b24a35a90073f55, type: 3}
      propertyPath: m_LocalEulerAnglesHint.z
      value: 0
      objectReference: {fileID: 0}
    - target: {fileID: 2363752, guid: adeea2bb97a7dd540b24a35a90073f55, type: 3}
      propertyPath: m_Materials.Array.data[0]
      value: 
      objectReference: {fileID: 2100000, guid: 404c31d0792138543bda0411c79502fe, type: 2}
    m_RemovedComponents: []
  m_SourcePrefab: {fileID: 100100000, guid: adeea2bb97a7dd540b24a35a90073f55, type: 3}
--- !u!4 &7740476242925693230 stripped
Transform:
  m_CorrespondingSourceObject: {fileID: 412470, guid: adeea2bb97a7dd540b24a35a90073f55,
    type: 3}
  m_PrefabInstance: {fileID: 7740476242925314584}
  m_PrefabAsset: {fileID: 0}
--- !u!1001 &7851970837575057139
PrefabInstance:
  m_ObjectHideFlags: 0
  serializedVersion: 2
  m_Modification:
    m_TransformParent: {fileID: 3807581162041509895}
    m_Modifications:
    - target: {fileID: 170498, guid: adeea2bb97a7dd540b24a35a90073f55, type: 3}
      propertyPath: m_Name
      value: Trap_Prickle_00 (10)
      objectReference: {fileID: 0}
    - target: {fileID: 412470, guid: adeea2bb97a7dd540b24a35a90073f55, type: 3}
      propertyPath: m_LocalPosition.x
      value: 0.21552736
      objectReference: {fileID: 0}
    - target: {fileID: 412470, guid: adeea2bb97a7dd540b24a35a90073f55, type: 3}
      propertyPath: m_LocalPosition.y
      value: -0.5751953
      objectReference: {fileID: 0}
    - target: {fileID: 412470, guid: adeea2bb97a7dd540b24a35a90073f55, type: 3}
      propertyPath: m_LocalPosition.z
      value: 0.09465235
      objectReference: {fileID: 0}
    - target: {fileID: 412470, guid: adeea2bb97a7dd540b24a35a90073f55, type: 3}
      propertyPath: m_LocalRotation.x
      value: -0
      objectReference: {fileID: 0}
    - target: {fileID: 412470, guid: adeea2bb97a7dd540b24a35a90073f55, type: 3}
      propertyPath: m_LocalRotation.y
      value: -0
      objectReference: {fileID: 0}
    - target: {fileID: 412470, guid: adeea2bb97a7dd540b24a35a90073f55, type: 3}
      propertyPath: m_LocalRotation.z
      value: -0
      objectReference: {fileID: 0}
    - target: {fileID: 412470, guid: adeea2bb97a7dd540b24a35a90073f55, type: 3}
      propertyPath: m_LocalRotation.w
      value: 1
      objectReference: {fileID: 0}
    - target: {fileID: 412470, guid: adeea2bb97a7dd540b24a35a90073f55, type: 3}
      propertyPath: m_RootOrder
      value: 9
      objectReference: {fileID: 0}
    - target: {fileID: 412470, guid: adeea2bb97a7dd540b24a35a90073f55, type: 3}
      propertyPath: m_LocalEulerAnglesHint.x
      value: 0
      objectReference: {fileID: 0}
    - target: {fileID: 412470, guid: adeea2bb97a7dd540b24a35a90073f55, type: 3}
      propertyPath: m_LocalEulerAnglesHint.y
      value: 0
      objectReference: {fileID: 0}
    - target: {fileID: 412470, guid: adeea2bb97a7dd540b24a35a90073f55, type: 3}
      propertyPath: m_LocalEulerAnglesHint.z
      value: 0
      objectReference: {fileID: 0}
    - target: {fileID: 2363752, guid: adeea2bb97a7dd540b24a35a90073f55, type: 3}
      propertyPath: m_Materials.Array.data[0]
      value: 
      objectReference: {fileID: 2100000, guid: 404c31d0792138543bda0411c79502fe, type: 2}
    m_RemovedComponents: []
  m_SourcePrefab: {fileID: 100100000, guid: adeea2bb97a7dd540b24a35a90073f55, type: 3}
--- !u!4 &7851970837575202245 stripped
Transform:
  m_CorrespondingSourceObject: {fileID: 412470, guid: adeea2bb97a7dd540b24a35a90073f55,
    type: 3}
  m_PrefabInstance: {fileID: 7851970837575057139}
  m_PrefabAsset: {fileID: 0}
