%YAML 1.1
%TAG !u! tag:unity3d.com,2011:
--- !u!1 &2543254113313543410
GameObject:
  m_ObjectHideFlags: 0
  m_CorrespondingSourceObject: {fileID: 0}
  m_PrefabInstance: {fileID: 0}
  m_PrefabAsset: {fileID: 0}
  serializedVersion: 6
  m_Component:
  - component: {fileID: 3389928732330254608}
  - component: {fileID: 5223552615823686100}
  - component: {fileID: 5140163160094349618}
  m_Layer: 0
  m_Name: Prickles
  m_TagString: Trap
  m_Icon: {fileID: 0}
  m_NavMeshLayer: 0
  m_StaticEditorFlags: 0
  m_IsActive: 1
--- !u!4 &3389928732330254608
Transform:
  m_ObjectHideFlags: 0
  m_CorrespondingSourceObject: {fileID: 0}
  m_PrefabInstance: {fileID: 0}
  m_PrefabAsset: {fileID: 0}
  m_GameObject: {fileID: 2543254113313543410}
  m_LocalRotation: {x: -0, y: -0, z: -0, w: 1}
  m_LocalPosition: {x: 0.08447266, y: 0.5751953, z: 0.006347656}
  m_LocalScale: {x: 1, y: 1, z: 1}
  m_Children:
  - {fileID: 5906366533614136645}
  - {fileID: 284910226783308187}
  - {fileID: 1215438756857416444}
  - {fileID: 3947433137319224942}
  - {fileID: 4928086085254407374}
  - {fileID: 4635897897769730778}
  - {fileID: 1705860260790960906}
  - {fileID: 8098094657297913936}
  - {fileID: 6003219167493344018}
  - {fileID: 1842845883129056129}
  - {fileID: 9080978825615056851}
  - {fileID: 8710417780231193463}
  - {fileID: 960085868848602887}
  - {fileID: 4211591600415338758}
  - {fileID: 4269656486675000704}
  - {fileID: 6291325009796836502}
  m_Father: {fileID: 671450074543476004}
  m_RootOrder: 0
  m_LocalEulerAnglesHint: {x: 0, y: 0, z: 0}
--- !u!95 &5223552615823686100
Animator:
  serializedVersion: 3
  m_ObjectHideFlags: 0
  m_CorrespondingSourceObject: {fileID: 0}
  m_PrefabInstance: {fileID: 0}
  m_PrefabAsset: {fileID: 0}
  m_GameObject: {fileID: 2543254113313543410}
  m_Enabled: 1
  m_Avatar: {fileID: 0}
  m_Controller: {fileID: 9100000, guid: 3dbc7f584d0868e4e94fdfa609b8d364, type: 2}
  m_CullingMode: 0
  m_UpdateMode: 0
  m_ApplyRootMotion: 0
  m_LinearVelocityBlending: 0
  m_WarningMessage: 
  m_HasTransformHierarchy: 1
  m_AllowConstantClipSamplingOptimization: 1
  m_KeepAnimatorControllerStateOnDisable: 0
--- !u!65 &5140163160094349618
BoxCollider:
  m_ObjectHideFlags: 0
  m_CorrespondingSourceObject: {fileID: 0}
  m_PrefabInstance: {fileID: 0}
  m_PrefabAsset: {fileID: 0}
  m_GameObject: {fileID: 2543254113313543410}
  m_Material: {fileID: 0}
  m_IsTrigger: 0
  m_Enabled: 1
  serializedVersion: 2
  m_Size: {x: 0.74288154, y: 0.73756194, z: 0.7961693}
  m_Center: {x: -0.08570607, y: -0.39905083, z: 0}
--- !u!1 &5362665627024968532
GameObject:
  m_ObjectHideFlags: 0
  m_CorrespondingSourceObject: {fileID: 0}
  m_PrefabInstance: {fileID: 0}
  m_PrefabAsset: {fileID: 0}
  serializedVersion: 6
  m_Component:
  - component: {fileID: 671450074543476004}
  m_Layer: 0
  m_Name: TrapPrickle7
  m_TagString: Untagged
  m_Icon: {fileID: 0}
  m_NavMeshLayer: 0
  m_StaticEditorFlags: 0
  m_IsActive: 1
--- !u!4 &671450074543476004
Transform:
  m_ObjectHideFlags: 0
  m_CorrespondingSourceObject: {fileID: 0}
  m_PrefabInstance: {fileID: 0}
  m_PrefabAsset: {fileID: 0}
  m_GameObject: {fileID: 5362665627024968532}
  m_LocalRotation: {x: 0, y: 0, z: 0, w: 1}
  m_LocalPosition: {x: 0, y: 0, z: 0}
  m_LocalScale: {x: 1, y: 1, z: 1}
  m_Children:
  - {fileID: 3389928732330254608}
  - {fileID: 5774318329410917410}
  m_Father: {fileID: 0}
  m_RootOrder: 0
  m_LocalEulerAnglesHint: {x: 0, y: 0, z: 0}
--- !u!65 &3900844840435730752
BoxCollider:
  m_ObjectHideFlags: 0
  m_CorrespondingSourceObject: {fileID: 0}
  m_PrefabInstance: {fileID: 0}
  m_PrefabAsset: {fileID: 0}
  m_GameObject: {fileID: 5774318329411191982}
  m_Material: {fileID: 0}
  m_IsTrigger: 0
  m_Enabled: 1
  serializedVersion: 2
  m_Size: {x: 1.0000037, y: 0.80000085, z: 1.0000033}
  m_Center: {x: 0.0000012516975, y: -0.39999965, z: 0.00000044703484}
--- !u!1001 &284910226783453869
PrefabInstance:
  m_ObjectHideFlags: 0
  serializedVersion: 2
  m_Modification:
    m_TransformParent: {fileID: 3389928732330254608}
    m_Modifications:
    - target: {fileID: 170498, guid: adeea2bb97a7dd540b24a35a90073f55, type: 3}
      propertyPath: m_Name
      value: Trap_Prickle_00 (3)
      objectReference: {fileID: 0}
    - target: {fileID: 412470, guid: adeea2bb97a7dd540b24a35a90073f55, type: 3}
      propertyPath: m_LocalPosition.x
      value: 0.21552736
      objectReference: {fileID: 0}
    - target: {fileID: 412470, guid: adeea2bb97a7dd540b24a35a90073f55, type: 3}
      propertyPath: m_LocalPosition.y
      value: -0.5751953
      objectReference: {fileID: 0}
    - target: {fileID: 412470, guid: adeea2bb97a7dd540b24a35a90073f55, type: 3}
      propertyPath: m_LocalPosition.z
      value: -0.30734766
      objectReference: {fileID: 0}
    - target: {fileID: 412470, guid: adeea2bb97a7dd540b24a35a90073f55, type: 3}
      propertyPath: m_LocalRotation.x
      value: -0
      objectReference: {fileID: 0}
    - target: {fileID: 412470, guid: adeea2bb97a7dd540b24a35a90073f55, type: 3}
      propertyPath: m_LocalRotation.y
      value: -0
      objectReference: {fileID: 0}
    - target: {fileID: 412470, guid: adeea2bb97a7dd540b24a35a90073f55, type: 3}
      propertyPath: m_LocalRotation.z
      value: -0
      objectReference: {fileID: 0}
    - target: {fileID: 412470, guid: adeea2bb97a7dd540b24a35a90073f55, type: 3}
      propertyPath: m_LocalRotation.w
      value: 1
      objectReference: {fileID: 0}
    - target: {fileID: 412470, guid: adeea2bb97a7dd540b24a35a90073f55, type: 3}
      propertyPath: m_RootOrder
      value: 1
      objectReference: {fileID: 0}
    - target: {fileID: 412470, guid: adeea2bb97a7dd540b24a35a90073f55, type: 3}
      propertyPath: m_LocalEulerAnglesHint.x
      value: 0
      objectReference: {fileID: 0}
    - target: {fileID: 412470, guid: adeea2bb97a7dd540b24a35a90073f55, type: 3}
      propertyPath: m_LocalEulerAnglesHint.y
      value: 0
      objectReference: {fileID: 0}
    - target: {fileID: 412470, guid: adeea2bb97a7dd540b24a35a90073f55, type: 3}
      propertyPath: m_LocalEulerAnglesHint.z
      value: 0
      objectReference: {fileID: 0}
    - target: {fileID: 2363752, guid: adeea2bb97a7dd540b24a35a90073f55, type: 3}
      propertyPath: m_Materials.Array.data[0]
      value: 
      objectReference: {fileID: 2100000, guid: 404c31d0792138543bda0411c79502fe, type: 2}
    m_RemovedComponents: []
  m_SourcePrefab: {fileID: 100100000, guid: adeea2bb97a7dd540b24a35a90073f55, type: 3}
--- !u!4 &284910226783308187 stripped
Transform:
  m_CorrespondingSourceObject: {fileID: 412470, guid: adeea2bb97a7dd540b24a35a90073f55,
    type: 3}
  m_PrefabInstance: {fileID: 284910226783453869}
  m_PrefabAsset: {fileID: 0}
--- !u!1001 &960085868848190513
PrefabInstance:
  m_ObjectHideFlags: 0
  serializedVersion: 2
  m_Modification:
    m_TransformParent: {fileID: 3389928732330254608}
    m_Modifications:
    - target: {fileID: 170498, guid: adeea2bb97a7dd540b24a35a90073f55, type: 3}
      propertyPath: m_Name
      value: Trap_Prickle_00 (13)
      objectReference: {fileID: 0}
    - target: {fileID: 412470, guid: adeea2bb97a7dd540b24a35a90073f55, type: 3}
      propertyPath: m_LocalPosition.x
      value: 0.013527341
      objectReference: {fileID: 0}
    - target: {fileID: 412470, guid: adeea2bb97a7dd540b24a35a90073f55, type: 3}
      propertyPath: m_LocalPosition.y
      value: -0.5751953
      objectReference: {fileID: 0}
    - target: {fileID: 412470, guid: adeea2bb97a7dd540b24a35a90073f55, type: 3}
      propertyPath: m_LocalPosition.z
      value: 0.29565233
      objectReference: {fileID: 0}
    - target: {fileID: 412470, guid: adeea2bb97a7dd540b24a35a90073f55, type: 3}
      propertyPath: m_LocalRotation.x
      value: -0
      objectReference: {fileID: 0}
    - target: {fileID: 412470, guid: adeea2bb97a7dd540b24a35a90073f55, type: 3}
      propertyPath: m_LocalRotation.y
      value: -0
      objectReference: {fileID: 0}
    - target: {fileID: 412470, guid: adeea2bb97a7dd540b24a35a90073f55, type: 3}
      propertyPath: m_LocalRotation.z
      value: -0
      objectReference: {fileID: 0}
    - target: {fileID: 412470, guid: adeea2bb97a7dd540b24a35a90073f55, type: 3}
      propertyPath: m_LocalRotation.w
      value: 1
      objectReference: {fileID: 0}
    - target: {fileID: 412470, guid: adeea2bb97a7dd540b24a35a90073f55, type: 3}
      propertyPath: m_RootOrder
      value: 12
      objectReference: {fileID: 0}
    - target: {fileID: 412470, guid: adeea2bb97a7dd540b24a35a90073f55, type: 3}
      propertyPath: m_LocalEulerAnglesHint.x
      value: 0
      objectReference: {fileID: 0}
    - target: {fileID: 412470, guid: adeea2bb97a7dd540b24a35a90073f55, type: 3}
      propertyPath: m_LocalEulerAnglesHint.y
      value: 0
      objectReference: {fileID: 0}
    - target: {fileID: 412470, guid: adeea2bb97a7dd540b24a35a90073f55, type: 3}
      propertyPath: m_LocalEulerAnglesHint.z
      value: 0
      objectReference: {fileID: 0}
    - target: {fileID: 2363752, guid: adeea2bb97a7dd540b24a35a90073f55, type: 3}
      propertyPath: m_Materials.Array.data[0]
      value: 
      objectReference: {fileID: 2100000, guid: 404c31d0792138543bda0411c79502fe, type: 2}
    m_RemovedComponents: []
  m_SourcePrefab: {fileID: 100100000, guid: adeea2bb97a7dd540b24a35a90073f55, type: 3}
--- !u!4 &960085868848602887 stripped
Transform:
  m_CorrespondingSourceObject: {fileID: 412470, guid: adeea2bb97a7dd540b24a35a90073f55,
    type: 3}
  m_PrefabInstance: {fileID: 960085868848190513}
  m_PrefabAsset: {fileID: 0}
--- !u!1001 &1215438756857561546
PrefabInstance:
  m_ObjectHideFlags: 0
  serializedVersion: 2
  m_Modification:
    m_TransformParent: {fileID: 3389928732330254608}
    m_Modifications:
    - target: {fileID: 170498, guid: adeea2bb97a7dd540b24a35a90073f55, type: 3}
      propertyPath: m_Name
      value: Trap_Prickle_00 (4)
      objectReference: {fileID: 0}
    - target: {fileID: 412470, guid: adeea2bb97a7dd540b24a35a90073f55, type: 3}
      propertyPath: m_LocalPosition.x
      value: -0.38447267
      objectReference: {fileID: 0}
    - target: {fileID: 412470, guid: adeea2bb97a7dd540b24a35a90073f55, type: 3}
      propertyPath: m_LocalPosition.y
      value: -0.5751953
      objectReference: {fileID: 0}
    - target: {fileID: 412470, guid: adeea2bb97a7dd540b24a35a90073f55, type: 3}
      propertyPath: m_LocalPosition.z
      value: -0.105347656
      objectReference: {fileID: 0}
    - target: {fileID: 412470, guid: adeea2bb97a7dd540b24a35a90073f55, type: 3}
      propertyPath: m_LocalRotation.x
      value: -0
      objectReference: {fileID: 0}
    - target: {fileID: 412470, guid: adeea2bb97a7dd540b24a35a90073f55, type: 3}
      propertyPath: m_LocalRotation.y
      value: -0
      objectReference: {fileID: 0}
    - target: {fileID: 412470, guid: adeea2bb97a7dd540b24a35a90073f55, type: 3}
      propertyPath: m_LocalRotation.z
      value: -0
      objectReference: {fileID: 0}
    - target: {fileID: 412470, guid: adeea2bb97a7dd540b24a35a90073f55, type: 3}
      propertyPath: m_LocalRotation.w
      value: 1
      objectReference: {fileID: 0}
    - target: {fileID: 412470, guid: adeea2bb97a7dd540b24a35a90073f55, type: 3}
      propertyPath: m_RootOrder
      value: 2
      objectReference: {fileID: 0}
    - target: {fileID: 412470, guid: adeea2bb97a7dd540b24a35a90073f55, type: 3}
      propertyPath: m_LocalEulerAnglesHint.x
      value: 0
      objectReference: {fileID: 0}
    - target: {fileID: 412470, guid: adeea2bb97a7dd540b24a35a90073f55, type: 3}
      propertyPath: m_LocalEulerAnglesHint.y
      value: 0
      objectReference: {fileID: 0}
    - target: {fileID: 412470, guid: adeea2bb97a7dd540b24a35a90073f55, type: 3}
      propertyPath: m_LocalEulerAnglesHint.z
      value: 0
      objectReference: {fileID: 0}
    - target: {fileID: 2363752, guid: adeea2bb97a7dd540b24a35a90073f55, type: 3}
      propertyPath: m_Materials.Array.data[0]
      value: 
      objectReference: {fileID: 2100000, guid: 404c31d0792138543bda0411c79502fe, type: 2}
    m_RemovedComponents: []
  m_SourcePrefab: {fileID: 100100000, guid: adeea2bb97a7dd540b24a35a90073f55, type: 3}
--- !u!4 &1215438756857416444 stripped
Transform:
  m_CorrespondingSourceObject: {fileID: 412470, guid: adeea2bb97a7dd540b24a35a90073f55,
    type: 3}
  m_PrefabInstance: {fileID: 1215438756857561546}
  m_PrefabAsset: {fileID: 0}
--- !u!1001 &1705860260790585404
PrefabInstance:
  m_ObjectHideFlags: 0
  serializedVersion: 2
  m_Modification:
    m_TransformParent: {fileID: 3389928732330254608}
    m_Modifications:
    - target: {fileID: 170498, guid: adeea2bb97a7dd540b24a35a90073f55, type: 3}
      propertyPath: m_Name
      value: Trap_Prickle_00 (8)
      objectReference: {fileID: 0}
    - target: {fileID: 412470, guid: adeea2bb97a7dd540b24a35a90073f55, type: 3}
      propertyPath: m_LocalPosition.x
      value: 0.013527341
      objectReference: {fileID: 0}
    - target: {fileID: 412470, guid: adeea2bb97a7dd540b24a35a90073f55, type: 3}
      propertyPath: m_LocalPosition.y
      value: -0.5751953
      objectReference: {fileID: 0}
    - target: {fileID: 412470, guid: adeea2bb97a7dd540b24a35a90073f55, type: 3}
      propertyPath: m_LocalPosition.z
      value: -0.10734766
      objectReference: {fileID: 0}
    - target: {fileID: 412470, guid: adeea2bb97a7dd540b24a35a90073f55, type: 3}
      propertyPath: m_LocalRotation.x
      value: -0
      objectReference: {fileID: 0}
    - target: {fileID: 412470, guid: adeea2bb97a7dd540b24a35a90073f55, type: 3}
      propertyPath: m_LocalRotation.y
      value: -0
      objectReference: {fileID: 0}
    - target: {fileID: 412470, guid: adeea2bb97a7dd540b24a35a90073f55, type: 3}
      propertyPath: m_LocalRotation.z
      value: -0
      objectReference: {fileID: 0}
    - target: {fileID: 412470, guid: adeea2bb97a7dd540b24a35a90073f55, type: 3}
      propertyPath: m_LocalRotation.w
      value: 1
      objectReference: {fileID: 0}
    - target: {fileID: 412470, guid: adeea2bb97a7dd540b24a35a90073f55, type: 3}
      propertyPath: m_RootOrder
      value: 6
      objectReference: {fileID: 0}
    - target: {fileID: 412470, guid: adeea2bb97a7dd540b24a35a90073f55, type: 3}
      propertyPath: m_LocalEulerAnglesHint.x
      value: 0
      objectReference: {fileID: 0}
    - target: {fileID: 412470, guid: adeea2bb97a7dd540b24a35a90073f55, type: 3}
      propertyPath: m_LocalEulerAnglesHint.y
      value: 0
      objectReference: {fileID: 0}
    - target: {fileID: 412470, guid: adeea2bb97a7dd540b24a35a90073f55, type: 3}
      propertyPath: m_LocalEulerAnglesHint.z
      value: 0
      objectReference: {fileID: 0}
    - target: {fileID: 2363752, guid: adeea2bb97a7dd540b24a35a90073f55, type: 3}
      propertyPath: m_Materials.Array.data[0]
      value: 
      objectReference: {fileID: 2100000, guid: 404c31d0792138543bda0411c79502fe, type: 2}
    m_RemovedComponents: []
  m_SourcePrefab: {fileID: 100100000, guid: adeea2bb97a7dd540b24a35a90073f55, type: 3}
--- !u!4 &1705860260790960906 stripped
Transform:
  m_CorrespondingSourceObject: {fileID: 412470, guid: adeea2bb97a7dd540b24a35a90073f55,
    type: 3}
  m_PrefabInstance: {fileID: 1705860260790585404}
  m_PrefabAsset: {fileID: 0}
--- !u!1001 &1842845883129168055
PrefabInstance:
  m_ObjectHideFlags: 0
  serializedVersion: 2
  m_Modification:
    m_TransformParent: {fileID: 3389928732330254608}
    m_Modifications:
    - target: {fileID: 170498, guid: adeea2bb97a7dd540b24a35a90073f55, type: 3}
      propertyPath: m_Name
      value: Trap_Prickle_00 (10)
      objectReference: {fileID: 0}
    - target: {fileID: 412470, guid: adeea2bb97a7dd540b24a35a90073f55, type: 3}
      propertyPath: m_LocalPosition.x
      value: 0.21552736
      objectReference: {fileID: 0}
    - target: {fileID: 412470, guid: adeea2bb97a7dd540b24a35a90073f55, type: 3}
      propertyPath: m_LocalPosition.y
      value: -0.5751953
      objectReference: {fileID: 0}
    - target: {fileID: 412470, guid: adeea2bb97a7dd540b24a35a90073f55, type: 3}
      propertyPath: m_LocalPosition.z
      value: 0.09465235
      objectReference: {fileID: 0}
    - target: {fileID: 412470, guid: adeea2bb97a7dd540b24a35a90073f55, type: 3}
      propertyPath: m_LocalRotation.x
      value: -0
      objectReference: {fileID: 0}
    - target: {fileID: 412470, guid: adeea2bb97a7dd540b24a35a90073f55, type: 3}
      propertyPath: m_LocalRotation.y
      value: -0
      objectReference: {fileID: 0}
    - target: {fileID: 412470, guid: adeea2bb97a7dd540b24a35a90073f55, type: 3}
      propertyPath: m_LocalRotation.z
      value: -0
      objectReference: {fileID: 0}
    - target: {fileID: 412470, guid: adeea2bb97a7dd540b24a35a90073f55, type: 3}
      propertyPath: m_LocalRotation.w
      value: 1
      objectReference: {fileID: 0}
    - target: {fileID: 412470, guid: adeea2bb97a7dd540b24a35a90073f55, type: 3}
      propertyPath: m_RootOrder
      value: 9
      objectReference: {fileID: 0}
    - target: {fileID: 412470, guid: adeea2bb97a7dd540b24a35a90073f55, type: 3}
      propertyPath: m_LocalEulerAnglesHint.x
      value: 0
      objectReference: {fileID: 0}
    - target: {fileID: 412470, guid: adeea2bb97a7dd540b24a35a90073f55, type: 3}
      propertyPath: m_LocalEulerAnglesHint.y
      value: 0
      objectReference: {fileID: 0}
    - target: {fileID: 412470, guid: adeea2bb97a7dd540b24a35a90073f55, type: 3}
      propertyPath: m_LocalEulerAnglesHint.z
      value: 0
      objectReference: {fileID: 0}
    - target: {fileID: 2363752, guid: adeea2bb97a7dd540b24a35a90073f55, type: 3}
      propertyPath: m_Materials.Array.data[0]
      value: 
      objectReference: {fileID: 2100000, guid: 404c31d0792138543bda0411c79502fe, type: 2}
    m_RemovedComponents: []
  m_SourcePrefab: {fileID: 100100000, guid: adeea2bb97a7dd540b24a35a90073f55, type: 3}
--- !u!4 &1842845883129056129 stripped
Transform:
  m_CorrespondingSourceObject: {fileID: 412470, guid: adeea2bb97a7dd540b24a35a90073f55,
    type: 3}
  m_PrefabInstance: {fileID: 1842845883129168055}
  m_PrefabAsset: {fileID: 0}
--- !u!1001 &3947433137319112024
PrefabInstance:
  m_ObjectHideFlags: 0
  serializedVersion: 2
  m_Modification:
    m_TransformParent: {fileID: 3389928732330254608}
    m_Modifications:
    - target: {fileID: 170498, guid: adeea2bb97a7dd540b24a35a90073f55, type: 3}
      propertyPath: m_Name
      value: Trap_Prickle_00 (5)
      objectReference: {fileID: 0}
    - target: {fileID: 412470, guid: adeea2bb97a7dd540b24a35a90073f55, type: 3}
      propertyPath: m_LocalPosition.x
      value: -0.38447267
      objectReference: {fileID: 0}
    - target: {fileID: 412470, guid: adeea2bb97a7dd540b24a35a90073f55, type: 3}
      propertyPath: m_LocalPosition.y
      value: -0.5751953
      objectReference: {fileID: 0}
    - target: {fileID: 412470, guid: adeea2bb97a7dd540b24a35a90073f55, type: 3}
      propertyPath: m_LocalPosition.z
      value: 0.09265234
      objectReference: {fileID: 0}
    - target: {fileID: 412470, guid: adeea2bb97a7dd540b24a35a90073f55, type: 3}
      propertyPath: m_LocalRotation.x
      value: -0
      objectReference: {fileID: 0}
    - target: {fileID: 412470, guid: adeea2bb97a7dd540b24a35a90073f55, type: 3}
      propertyPath: m_LocalRotation.y
      value: -0
      objectReference: {fileID: 0}
    - target: {fileID: 412470, guid: adeea2bb97a7dd540b24a35a90073f55, type: 3}
      propertyPath: m_LocalRotation.z
      value: -0
      objectReference: {fileID: 0}
    - target: {fileID: 412470, guid: adeea2bb97a7dd540b24a35a90073f55, type: 3}
      propertyPath: m_LocalRotation.w
      value: 1
      objectReference: {fileID: 0}
    - target: {fileID: 412470, guid: adeea2bb97a7dd540b24a35a90073f55, type: 3}
      propertyPath: m_RootOrder
      value: 3
      objectReference: {fileID: 0}
    - target: {fileID: 412470, guid: adeea2bb97a7dd540b24a35a90073f55, type: 3}
      propertyPath: m_LocalEulerAnglesHint.x
      value: 0
      objectReference: {fileID: 0}
    - target: {fileID: 412470, guid: adeea2bb97a7dd540b24a35a90073f55, type: 3}
      propertyPath: m_LocalEulerAnglesHint.y
      value: 0
      objectReference: {fileID: 0}
    - target: {fileID: 412470, guid: adeea2bb97a7dd540b24a35a90073f55, type: 3}
      propertyPath: m_LocalEulerAnglesHint.z
      value: 0
      objectReference: {fileID: 0}
    - target: {fileID: 2363752, guid: adeea2bb97a7dd540b24a35a90073f55, type: 3}
      propertyPath: m_Materials.Array.data[0]
      value: 
      objectReference: {fileID: 2100000, guid: 404c31d0792138543bda0411c79502fe, type: 2}
    m_RemovedComponents: []
  m_SourcePrefab: {fileID: 100100000, guid: adeea2bb97a7dd540b24a35a90073f55, type: 3}
--- !u!4 &3947433137319224942 stripped
Transform:
  m_CorrespondingSourceObject: {fileID: 412470, guid: adeea2bb97a7dd540b24a35a90073f55,
    type: 3}
  m_PrefabInstance: {fileID: 3947433137319112024}
  m_PrefabAsset: {fileID: 0}
--- !u!1001 &4211591600414931504
PrefabInstance:
  m_ObjectHideFlags: 0
  serializedVersion: 2
  m_Modification:
    m_TransformParent: {fileID: 3389928732330254608}
    m_Modifications:
    - target: {fileID: 170498, guid: adeea2bb97a7dd540b24a35a90073f55, type: 3}
      propertyPath: m_Name
      value: Trap_Prickle_00 (14)
      objectReference: {fileID: 0}
    - target: {fileID: 412470, guid: adeea2bb97a7dd540b24a35a90073f55, type: 3}
      propertyPath: m_LocalPosition.x
      value: -0.18547267
      objectReference: {fileID: 0}
    - target: {fileID: 412470, guid: adeea2bb97a7dd540b24a35a90073f55, type: 3}
      propertyPath: m_LocalPosition.y
      value: -0.5751953
      objectReference: {fileID: 0}
    - target: {fileID: 412470, guid: adeea2bb97a7dd540b24a35a90073f55, type: 3}
      propertyPath: m_LocalPosition.z
      value: 0.093652345
      objectReference: {fileID: 0}
    - target: {fileID: 412470, guid: adeea2bb97a7dd540b24a35a90073f55, type: 3}
      propertyPath: m_LocalRotation.x
      value: -0
      objectReference: {fileID: 0}
    - target: {fileID: 412470, guid: adeea2bb97a7dd540b24a35a90073f55, type: 3}
      propertyPath: m_LocalRotation.y
      value: -0
      objectReference: {fileID: 0}
    - target: {fileID: 412470, guid: adeea2bb97a7dd540b24a35a90073f55, type: 3}
      propertyPath: m_LocalRotation.z
      value: -0
      objectReference: {fileID: 0}
    - target: {fileID: 412470, guid: adeea2bb97a7dd540b24a35a90073f55, type: 3}
      propertyPath: m_LocalRotation.w
      value: 1
      objectReference: {fileID: 0}
    - target: {fileID: 412470, guid: adeea2bb97a7dd540b24a35a90073f55, type: 3}
      propertyPath: m_RootOrder
      value: 13
      objectReference: {fileID: 0}
    - target: {fileID: 412470, guid: adeea2bb97a7dd540b24a35a90073f55, type: 3}
      propertyPath: m_LocalEulerAnglesHint.x
      value: 0
      objectReference: {fileID: 0}
    - target: {fileID: 412470, guid: adeea2bb97a7dd540b24a35a90073f55, type: 3}
      propertyPath: m_LocalEulerAnglesHint.y
      value: 0
      objectReference: {fileID: 0}
    - target: {fileID: 412470, guid: adeea2bb97a7dd540b24a35a90073f55, type: 3}
      propertyPath: m_LocalEulerAnglesHint.z
      value: 0
      objectReference: {fileID: 0}
    - target: {fileID: 2363752, guid: adeea2bb97a7dd540b24a35a90073f55, type: 3}
      propertyPath: m_Materials.Array.data[0]
      value: 
      objectReference: {fileID: 2100000, guid: 404c31d0792138543bda0411c79502fe, type: 2}
    m_RemovedComponents: []
  m_SourcePrefab: {fileID: 100100000, guid: adeea2bb97a7dd540b24a35a90073f55, type: 3}
--- !u!4 &4211591600415338758 stripped
Transform:
  m_CorrespondingSourceObject: {fileID: 412470, guid: adeea2bb97a7dd540b24a35a90073f55,
    type: 3}
  m_PrefabInstance: {fileID: 4211591600414931504}
  m_PrefabAsset: {fileID: 0}
--- !u!1001 &4269656486674884278
PrefabInstance:
  m_ObjectHideFlags: 0
  serializedVersion: 2
  m_Modification:
    m_TransformParent: {fileID: 3389928732330254608}
    m_Modifications:
    - target: {fileID: 170498, guid: adeea2bb97a7dd540b24a35a90073f55, type: 3}
      propertyPath: m_Name
      value: Trap_Prickle_00 (15)
      objectReference: {fileID: 0}
    - target: {fileID: 412470, guid: adeea2bb97a7dd540b24a35a90073f55, type: 3}
      propertyPath: m_LocalPosition.x
      value: -0.18547267
      objectReference: {fileID: 0}
    - target: {fileID: 412470, guid: adeea2bb97a7dd540b24a35a90073f55, type: 3}
      propertyPath: m_LocalPosition.y
      value: -0.5751953
      objectReference: {fileID: 0}
    - target: {fileID: 412470, guid: adeea2bb97a7dd540b24a35a90073f55, type: 3}
      propertyPath: m_LocalPosition.z
      value: 0.29165235
      objectReference: {fileID: 0}
    - target: {fileID: 412470, guid: adeea2bb97a7dd540b24a35a90073f55, type: 3}
      propertyPath: m_LocalRotation.x
      value: -0
      objectReference: {fileID: 0}
    - target: {fileID: 412470, guid: adeea2bb97a7dd540b24a35a90073f55, type: 3}
      propertyPath: m_LocalRotation.y
      value: -0
      objectReference: {fileID: 0}
    - target: {fileID: 412470, guid: adeea2bb97a7dd540b24a35a90073f55, type: 3}
      propertyPath: m_LocalRotation.z
      value: -0
      objectReference: {fileID: 0}
    - target: {fileID: 412470, guid: adeea2bb97a7dd540b24a35a90073f55, type: 3}
      propertyPath: m_LocalRotation.w
      value: 1
      objectReference: {fileID: 0}
    - target: {fileID: 412470, guid: adeea2bb97a7dd540b24a35a90073f55, type: 3}
      propertyPath: m_RootOrder
      value: 14
      objectReference: {fileID: 0}
    - target: {fileID: 412470, guid: adeea2bb97a7dd540b24a35a90073f55, type: 3}
      propertyPath: m_LocalEulerAnglesHint.x
      value: 0
      objectReference: {fileID: 0}
    - target: {fileID: 412470, guid: adeea2bb97a7dd540b24a35a90073f55, type: 3}
      propertyPath: m_LocalEulerAnglesHint.y
      value: 0
      objectReference: {fileID: 0}
    - target: {fileID: 412470, guid: adeea2bb97a7dd540b24a35a90073f55, type: 3}
      propertyPath: m_LocalEulerAnglesHint.z
      value: 0
      objectReference: {fileID: 0}
    - target: {fileID: 2363752, guid: adeea2bb97a7dd540b24a35a90073f55, type: 3}
      propertyPath: m_Materials.Array.data[0]
      value: 
      objectReference: {fileID: 2100000, guid: 404c31d0792138543bda0411c79502fe, type: 2}
    m_RemovedComponents: []
  m_SourcePrefab: {fileID: 100100000, guid: adeea2bb97a7dd540b24a35a90073f55, type: 3}
--- !u!4 &4269656486675000704 stripped
Transform:
  m_CorrespondingSourceObject: {fileID: 412470, guid: adeea2bb97a7dd540b24a35a90073f55,
    type: 3}
  m_PrefabInstance: {fileID: 4269656486674884278}
  m_PrefabAsset: {fileID: 0}
--- !u!1001 &4635897897769880044
PrefabInstance:
  m_ObjectHideFlags: 0
  serializedVersion: 2
  m_Modification:
    m_TransformParent: {fileID: 3389928732330254608}
    m_Modifications:
    - target: {fileID: 170498, guid: adeea2bb97a7dd540b24a35a90073f55, type: 3}
      propertyPath: m_Name
      value: Trap_Prickle_00 (7)
      objectReference: {fileID: 0}
    - target: {fileID: 412470, guid: adeea2bb97a7dd540b24a35a90073f55, type: 3}
      propertyPath: m_LocalPosition.x
      value: -0.18547267
      objectReference: {fileID: 0}
    - target: {fileID: 412470, guid: adeea2bb97a7dd540b24a35a90073f55, type: 3}
      propertyPath: m_LocalPosition.y
      value: -0.5751953
      objectReference: {fileID: 0}
    - target: {fileID: 412470, guid: adeea2bb97a7dd540b24a35a90073f55, type: 3}
      propertyPath: m_LocalPosition.z
      value: -0.10434765
      objectReference: {fileID: 0}
    - target: {fileID: 412470, guid: adeea2bb97a7dd540b24a35a90073f55, type: 3}
      propertyPath: m_LocalRotation.x
      value: -0
      objectReference: {fileID: 0}
    - target: {fileID: 412470, guid: adeea2bb97a7dd540b24a35a90073f55, type: 3}
      propertyPath: m_LocalRotation.y
      value: -0
      objectReference: {fileID: 0}
    - target: {fileID: 412470, guid: adeea2bb97a7dd540b24a35a90073f55, type: 3}
      propertyPath: m_LocalRotation.z
      value: -0
      objectReference: {fileID: 0}
    - target: {fileID: 412470, guid: adeea2bb97a7dd540b24a35a90073f55, type: 3}
      propertyPath: m_LocalRotation.w
      value: 1
      objectReference: {fileID: 0}
    - target: {fileID: 412470, guid: adeea2bb97a7dd540b24a35a90073f55, type: 3}
      propertyPath: m_RootOrder
      value: 5
      objectReference: {fileID: 0}
    - target: {fileID: 412470, guid: adeea2bb97a7dd540b24a35a90073f55, type: 3}
      propertyPath: m_LocalEulerAnglesHint.x
      value: 0
      objectReference: {fileID: 0}
    - target: {fileID: 412470, guid: adeea2bb97a7dd540b24a35a90073f55, type: 3}
      propertyPath: m_LocalEulerAnglesHint.y
      value: 0
      objectReference: {fileID: 0}
    - target: {fileID: 412470, guid: adeea2bb97a7dd540b24a35a90073f55, type: 3}
      propertyPath: m_LocalEulerAnglesHint.z
      value: 0
      objectReference: {fileID: 0}
    - target: {fileID: 2363752, guid: adeea2bb97a7dd540b24a35a90073f55, type: 3}
      propertyPath: m_Materials.Array.data[0]
      value: 
      objectReference: {fileID: 2100000, guid: 404c31d0792138543bda0411c79502fe, type: 2}
    m_RemovedComponents: []
  m_SourcePrefab: {fileID: 100100000, guid: adeea2bb97a7dd540b24a35a90073f55, type: 3}
--- !u!4 &4635897897769730778 stripped
Transform:
  m_CorrespondingSourceObject: {fileID: 412470, guid: adeea2bb97a7dd540b24a35a90073f55,
    type: 3}
  m_PrefabInstance: {fileID: 4635897897769880044}
  m_PrefabAsset: {fileID: 0}
--- !u!1001 &4928086085254524920
PrefabInstance:
  m_ObjectHideFlags: 0
  serializedVersion: 2
  m_Modification:
    m_TransformParent: {fileID: 3389928732330254608}
    m_Modifications:
    - target: {fileID: 170498, guid: adeea2bb97a7dd540b24a35a90073f55, type: 3}
      propertyPath: m_Name
      value: Trap_Prickle_00 (6)
      objectReference: {fileID: 0}
    - target: {fileID: 412470, guid: adeea2bb97a7dd540b24a35a90073f55, type: 3}
      propertyPath: m_LocalPosition.x
      value: -0.38447267
      objectReference: {fileID: 0}
    - target: {fileID: 412470, guid: adeea2bb97a7dd540b24a35a90073f55, type: 3}
      propertyPath: m_LocalPosition.y
      value: -0.5751953
      objectReference: {fileID: 0}
    - target: {fileID: 412470, guid: adeea2bb97a7dd540b24a35a90073f55, type: 3}
      propertyPath: m_LocalPosition.z
      value: 0.29465234
      objectReference: {fileID: 0}
    - target: {fileID: 412470, guid: adeea2bb97a7dd540b24a35a90073f55, type: 3}
      propertyPath: m_LocalRotation.x
      value: -0
      objectReference: {fileID: 0}
    - target: {fileID: 412470, guid: adeea2bb97a7dd540b24a35a90073f55, type: 3}
      propertyPath: m_LocalRotation.y
      value: -0
      objectReference: {fileID: 0}
    - target: {fileID: 412470, guid: adeea2bb97a7dd540b24a35a90073f55, type: 3}
      propertyPath: m_LocalRotation.z
      value: -0
      objectReference: {fileID: 0}
    - target: {fileID: 412470, guid: adeea2bb97a7dd540b24a35a90073f55, type: 3}
      propertyPath: m_LocalRotation.w
      value: 1
      objectReference: {fileID: 0}
    - target: {fileID: 412470, guid: adeea2bb97a7dd540b24a35a90073f55, type: 3}
      propertyPath: m_RootOrder
      value: 4
      objectReference: {fileID: 0}
    - target: {fileID: 412470, guid: adeea2bb97a7dd540b24a35a90073f55, type: 3}
      propertyPath: m_LocalEulerAnglesHint.x
      value: 0
      objectReference: {fileID: 0}
    - target: {fileID: 412470, guid: adeea2bb97a7dd540b24a35a90073f55, type: 3}
      propertyPath: m_LocalEulerAnglesHint.y
      value: 0
      objectReference: {fileID: 0}
    - target: {fileID: 412470, guid: adeea2bb97a7dd540b24a35a90073f55, type: 3}
      propertyPath: m_LocalEulerAnglesHint.z
      value: 0
      objectReference: {fileID: 0}
    - target: {fileID: 2363752, guid: adeea2bb97a7dd540b24a35a90073f55, type: 3}
      propertyPath: m_Materials.Array.data[0]
      value: 
      objectReference: {fileID: 2100000, guid: 404c31d0792138543bda0411c79502fe, type: 2}
    m_RemovedComponents: []
  m_SourcePrefab: {fileID: 100100000, guid: adeea2bb97a7dd540b24a35a90073f55, type: 3}
--- !u!4 &4928086085254407374 stripped
Transform:
  m_CorrespondingSourceObject: {fileID: 412470, guid: adeea2bb97a7dd540b24a35a90073f55,
    type: 3}
  m_PrefabInstance: {fileID: 4928086085254524920}
  m_PrefabAsset: {fileID: 0}
--- !u!1001 &5774318329411314468
PrefabInstance:
  m_ObjectHideFlags: 0
  serializedVersion: 2
  m_Modification:
    m_TransformParent: {fileID: 671450074543476004}
    m_Modifications:
    - target: {fileID: 407302, guid: 039eb46278c557c439ee9cf4100b1d0d, type: 3}
      propertyPath: m_LocalPosition.x
      value: 0
      objectReference: {fileID: 0}
    - target: {fileID: 407302, guid: 039eb46278c557c439ee9cf4100b1d0d, type: 3}
      propertyPath: m_LocalPosition.y
      value: 0
      objectReference: {fileID: 0}
    - target: {fileID: 407302, guid: 039eb46278c557c439ee9cf4100b1d0d, type: 3}
      propertyPath: m_LocalPosition.z
      value: 0
      objectReference: {fileID: 0}
    - target: {fileID: 407302, guid: 039eb46278c557c439ee9cf4100b1d0d, type: 3}
      propertyPath: m_LocalRotation.x
      value: 0
      objectReference: {fileID: 0}
    - target: {fileID: 407302, guid: 039eb46278c557c439ee9cf4100b1d0d, type: 3}
      propertyPath: m_LocalRotation.y
      value: 0
      objectReference: {fileID: 0}
    - target: {fileID: 407302, guid: 039eb46278c557c439ee9cf4100b1d0d, type: 3}
      propertyPath: m_LocalRotation.z
      value: 0
      objectReference: {fileID: 0}
    - target: {fileID: 407302, guid: 039eb46278c557c439ee9cf4100b1d0d, type: 3}
      propertyPath: m_LocalRotation.w
      value: 1
      objectReference: {fileID: 0}
    - target: {fileID: 407302, guid: 039eb46278c557c439ee9cf4100b1d0d, type: 3}
      propertyPath: m_RootOrder
      value: 1
      objectReference: {fileID: 0}
    - target: {fileID: 407302, guid: 039eb46278c557c439ee9cf4100b1d0d, type: 3}
      propertyPath: m_LocalEulerAnglesHint.x
      value: 0
      objectReference: {fileID: 0}
    - target: {fileID: 407302, guid: 039eb46278c557c439ee9cf4100b1d0d, type: 3}
      propertyPath: m_LocalEulerAnglesHint.y
      value: 0
      objectReference: {fileID: 0}
    - target: {fileID: 407302, guid: 039eb46278c557c439ee9cf4100b1d0d, type: 3}
      propertyPath: m_LocalEulerAnglesHint.z
      value: 0
      objectReference: {fileID: 0}
    - target: {fileID: 157578, guid: 039eb46278c557c439ee9cf4100b1d0d, type: 3}
      propertyPath: m_Name
      value: Lava_Trap_4
      objectReference: {fileID: 0}
    - target: {fileID: 157578, guid: 039eb46278c557c439ee9cf4100b1d0d, type: 3}
      propertyPath: m_TagString
      value: Ground
      objectReference: {fileID: 0}
    m_RemovedComponents: []
  m_SourcePrefab: {fileID: 100100000, guid: 039eb46278c557c439ee9cf4100b1d0d, type: 3}
--- !u!1 &5774318329411191982 stripped
GameObject:
  m_CorrespondingSourceObject: {fileID: 157578, guid: 039eb46278c557c439ee9cf4100b1d0d,
    type: 3}
  m_PrefabInstance: {fileID: 5774318329411314468}
  m_PrefabAsset: {fileID: 0}
--- !u!4 &5774318329410917410 stripped
Transform:
  m_CorrespondingSourceObject: {fileID: 407302, guid: 039eb46278c557c439ee9cf4100b1d0d,
    type: 3}
  m_PrefabInstance: {fileID: 5774318329411314468}
  m_PrefabAsset: {fileID: 0}
--- !u!1001 &5906366533614249587
PrefabInstance:
  m_ObjectHideFlags: 0
  serializedVersion: 2
  m_Modification:
    m_TransformParent: {fileID: 3389928732330254608}
    m_Modifications:
    - target: {fileID: 170498, guid: adeea2bb97a7dd540b24a35a90073f55, type: 3}
      propertyPath: m_Name
      value: Trap_Prickle_00 (2)
      objectReference: {fileID: 0}
    - target: {fileID: 412470, guid: adeea2bb97a7dd540b24a35a90073f55, type: 3}
      propertyPath: m_LocalPosition.x
      value: 0.013527341
      objectReference: {fileID: 0}
    - target: {fileID: 412470, guid: adeea2bb97a7dd540b24a35a90073f55, type: 3}
      propertyPath: m_LocalPosition.y
      value: -0.5751953
      objectReference: {fileID: 0}
    - target: {fileID: 412470, guid: adeea2bb97a7dd540b24a35a90073f55, type: 3}
      propertyPath: m_LocalPosition.z
      value: -0.30634767
      objectReference: {fileID: 0}
    - target: {fileID: 412470, guid: adeea2bb97a7dd540b24a35a90073f55, type: 3}
      propertyPath: m_LocalRotation.x
      value: -0
      objectReference: {fileID: 0}
    - target: {fileID: 412470, guid: adeea2bb97a7dd540b24a35a90073f55, type: 3}
      propertyPath: m_LocalRotation.y
      value: -0
      objectReference: {fileID: 0}
    - target: {fileID: 412470, guid: adeea2bb97a7dd540b24a35a90073f55, type: 3}
      propertyPath: m_LocalRotation.z
      value: -0
      objectReference: {fileID: 0}
    - target: {fileID: 412470, guid: adeea2bb97a7dd540b24a35a90073f55, type: 3}
      propertyPath: m_LocalRotation.w
      value: 1
      objectReference: {fileID: 0}
    - target: {fileID: 412470, guid: adeea2bb97a7dd540b24a35a90073f55, type: 3}
      propertyPath: m_RootOrder
      value: 0
      objectReference: {fileID: 0}
    - target: {fileID: 412470, guid: adeea2bb97a7dd540b24a35a90073f55, type: 3}
      propertyPath: m_LocalEulerAnglesHint.x
      value: 0
      objectReference: {fileID: 0}
    - target: {fileID: 412470, guid: adeea2bb97a7dd540b24a35a90073f55, type: 3}
      propertyPath: m_LocalEulerAnglesHint.y
      value: 0
      objectReference: {fileID: 0}
    - target: {fileID: 412470, guid: adeea2bb97a7dd540b24a35a90073f55, type: 3}
      propertyPath: m_LocalEulerAnglesHint.z
      value: 0
      objectReference: {fileID: 0}
    - target: {fileID: 2363752, guid: adeea2bb97a7dd540b24a35a90073f55, type: 3}
      propertyPath: m_Materials.Array.data[0]
      value: 
      objectReference: {fileID: 2100000, guid: 404c31d0792138543bda0411c79502fe, type: 2}
    m_RemovedComponents: []
  m_SourcePrefab: {fileID: 100100000, guid: adeea2bb97a7dd540b24a35a90073f55, type: 3}
--- !u!4 &5906366533614136645 stripped
Transform:
  m_CorrespondingSourceObject: {fileID: 412470, guid: adeea2bb97a7dd540b24a35a90073f55,
    type: 3}
  m_PrefabInstance: {fileID: 5906366533614249587}
  m_PrefabAsset: {fileID: 0}
--- !u!1001 &6003219167493718052
PrefabInstance:
  m_ObjectHideFlags: 0
  serializedVersion: 2
  m_Modification:
    m_TransformParent: {fileID: 3389928732330254608}
    m_Modifications:
    - target: {fileID: 170498, guid: adeea2bb97a7dd540b24a35a90073f55, type: 3}
      propertyPath: m_Name
      value: Trap_Prickle_00 (1)
      objectReference: {fileID: 0}
    - target: {fileID: 412470, guid: adeea2bb97a7dd540b24a35a90073f55, type: 3}
      propertyPath: m_LocalPosition.x
      value: -0.18547267
      objectReference: {fileID: 0}
    - target: {fileID: 412470, guid: adeea2bb97a7dd540b24a35a90073f55, type: 3}
      propertyPath: m_LocalPosition.y
      value: -0.5751953
      objectReference: {fileID: 0}
    - target: {fileID: 412470, guid: adeea2bb97a7dd540b24a35a90073f55, type: 3}
      propertyPath: m_LocalPosition.z
      value: -0.30634767
      objectReference: {fileID: 0}
    - target: {fileID: 412470, guid: adeea2bb97a7dd540b24a35a90073f55, type: 3}
      propertyPath: m_LocalRotation.x
      value: -0
      objectReference: {fileID: 0}
    - target: {fileID: 412470, guid: adeea2bb97a7dd540b24a35a90073f55, type: 3}
      propertyPath: m_LocalRotation.y
      value: -0
      objectReference: {fileID: 0}
    - target: {fileID: 412470, guid: adeea2bb97a7dd540b24a35a90073f55, type: 3}
      propertyPath: m_LocalRotation.z
      value: -0
      objectReference: {fileID: 0}
    - target: {fileID: 412470, guid: adeea2bb97a7dd540b24a35a90073f55, type: 3}
      propertyPath: m_LocalRotation.w
      value: 1
      objectReference: {fileID: 0}
    - target: {fileID: 412470, guid: adeea2bb97a7dd540b24a35a90073f55, type: 3}
      propertyPath: m_RootOrder
      value: 8
      objectReference: {fileID: 0}
    - target: {fileID: 412470, guid: adeea2bb97a7dd540b24a35a90073f55, type: 3}
      propertyPath: m_LocalEulerAnglesHint.x
      value: 0
      objectReference: {fileID: 0}
    - target: {fileID: 412470, guid: adeea2bb97a7dd540b24a35a90073f55, type: 3}
      propertyPath: m_LocalEulerAnglesHint.y
      value: 0
      objectReference: {fileID: 0}
    - target: {fileID: 412470, guid: adeea2bb97a7dd540b24a35a90073f55, type: 3}
      propertyPath: m_LocalEulerAnglesHint.z
      value: 0
      objectReference: {fileID: 0}
    - target: {fileID: 2363752, guid: adeea2bb97a7dd540b24a35a90073f55, type: 3}
      propertyPath: m_Materials.Array.data[0]
      value: 
      objectReference: {fileID: 2100000, guid: 404c31d0792138543bda0411c79502fe, type: 2}
    m_RemovedComponents: []
  m_SourcePrefab: {fileID: 100100000, guid: adeea2bb97a7dd540b24a35a90073f55, type: 3}
--- !u!4 &6003219167493344018 stripped
Transform:
  m_CorrespondingSourceObject: {fileID: 412470, guid: adeea2bb97a7dd540b24a35a90073f55,
    type: 3}
  m_PrefabInstance: {fileID: 6003219167493718052}
  m_PrefabAsset: {fileID: 0}
--- !u!1001 &6291325009797244832
PrefabInstance:
  m_ObjectHideFlags: 0
  serializedVersion: 2
  m_Modification:
    m_TransformParent: {fileID: 3389928732330254608}
    m_Modifications:
    - target: {fileID: 170498, guid: adeea2bb97a7dd540b24a35a90073f55, type: 3}
      propertyPath: m_Name
      value: Trap_Prickle_00
      objectReference: {fileID: 0}
    - target: {fileID: 412470, guid: adeea2bb97a7dd540b24a35a90073f55, type: 3}
      propertyPath: m_LocalPosition.x
      value: -0.38447267
      objectReference: {fileID: 0}
    - target: {fileID: 412470, guid: adeea2bb97a7dd540b24a35a90073f55, type: 3}
      propertyPath: m_LocalPosition.y
      value: -0.5751953
      objectReference: {fileID: 0}
    - target: {fileID: 412470, guid: adeea2bb97a7dd540b24a35a90073f55, type: 3}
      propertyPath: m_LocalPosition.z
      value: -0.30634767
      objectReference: {fileID: 0}
    - target: {fileID: 412470, guid: adeea2bb97a7dd540b24a35a90073f55, type: 3}
      propertyPath: m_LocalRotation.x
      value: -0
      objectReference: {fileID: 0}
    - target: {fileID: 412470, guid: adeea2bb97a7dd540b24a35a90073f55, type: 3}
      propertyPath: m_LocalRotation.y
      value: -0
      objectReference: {fileID: 0}
    - target: {fileID: 412470, guid: adeea2bb97a7dd540b24a35a90073f55, type: 3}
      propertyPath: m_LocalRotation.z
      value: -0
      objectReference: {fileID: 0}
    - target: {fileID: 412470, guid: adeea2bb97a7dd540b24a35a90073f55, type: 3}
      propertyPath: m_LocalRotation.w
      value: 1
      objectReference: {fileID: 0}
    - target: {fileID: 412470, guid: adeea2bb97a7dd540b24a35a90073f55, type: 3}
      propertyPath: m_RootOrder
      value: 15
      objectReference: {fileID: 0}
    - target: {fileID: 412470, guid: adeea2bb97a7dd540b24a35a90073f55, type: 3}
      propertyPath: m_LocalEulerAnglesHint.x
      value: 0
      objectReference: {fileID: 0}
    - target: {fileID: 412470, guid: adeea2bb97a7dd540b24a35a90073f55, type: 3}
      propertyPath: m_LocalEulerAnglesHint.y
      value: 0
      objectReference: {fileID: 0}
    - target: {fileID: 412470, guid: adeea2bb97a7dd540b24a35a90073f55, type: 3}
      propertyPath: m_LocalEulerAnglesHint.z
      value: 0
      objectReference: {fileID: 0}
    - target: {fileID: 2363752, guid: adeea2bb97a7dd540b24a35a90073f55, type: 3}
      propertyPath: m_Materials.Array.data[0]
      value: 
      objectReference: {fileID: 2100000, guid: 404c31d0792138543bda0411c79502fe, type: 2}
    m_RemovedComponents: []
  m_SourcePrefab: {fileID: 100100000, guid: adeea2bb97a7dd540b24a35a90073f55, type: 3}
--- !u!4 &6291325009796836502 stripped
Transform:
  m_CorrespondingSourceObject: {fileID: 412470, guid: adeea2bb97a7dd540b24a35a90073f55,
    type: 3}
  m_PrefabInstance: {fileID: 6291325009797244832}
  m_PrefabAsset: {fileID: 0}
--- !u!1001 &8098094657298060134
PrefabInstance:
  m_ObjectHideFlags: 0
  serializedVersion: 2
  m_Modification:
    m_TransformParent: {fileID: 3389928732330254608}
    m_Modifications:
    - target: {fileID: 170498, guid: adeea2bb97a7dd540b24a35a90073f55, type: 3}
      propertyPath: m_Name
      value: Trap_Prickle_00 (9)
      objectReference: {fileID: 0}
    - target: {fileID: 412470, guid: adeea2bb97a7dd540b24a35a90073f55, type: 3}
      propertyPath: m_LocalPosition.x
      value: 0.21552736
      objectReference: {fileID: 0}
    - target: {fileID: 412470, guid: adeea2bb97a7dd540b24a35a90073f55, type: 3}
      propertyPath: m_LocalPosition.y
      value: -0.5751953
      objectReference: {fileID: 0}
    - target: {fileID: 412470, guid: adeea2bb97a7dd540b24a35a90073f55, type: 3}
      propertyPath: m_LocalPosition.z
      value: -0.10634766
      objectReference: {fileID: 0}
    - target: {fileID: 412470, guid: adeea2bb97a7dd540b24a35a90073f55, type: 3}
      propertyPath: m_LocalRotation.x
      value: -0
      objectReference: {fileID: 0}
    - target: {fileID: 412470, guid: adeea2bb97a7dd540b24a35a90073f55, type: 3}
      propertyPath: m_LocalRotation.y
      value: -0
      objectReference: {fileID: 0}
    - target: {fileID: 412470, guid: adeea2bb97a7dd540b24a35a90073f55, type: 3}
      propertyPath: m_LocalRotation.z
      value: -0
      objectReference: {fileID: 0}
    - target: {fileID: 412470, guid: adeea2bb97a7dd540b24a35a90073f55, type: 3}
      propertyPath: m_LocalRotation.w
      value: 1
      objectReference: {fileID: 0}
    - target: {fileID: 412470, guid: adeea2bb97a7dd540b24a35a90073f55, type: 3}
      propertyPath: m_RootOrder
      value: 7
      objectReference: {fileID: 0}
    - target: {fileID: 412470, guid: adeea2bb97a7dd540b24a35a90073f55, type: 3}
      propertyPath: m_LocalEulerAnglesHint.x
      value: 0
      objectReference: {fileID: 0}
    - target: {fileID: 412470, guid: adeea2bb97a7dd540b24a35a90073f55, type: 3}
      propertyPath: m_LocalEulerAnglesHint.y
      value: 0
      objectReference: {fileID: 0}
    - target: {fileID: 412470, guid: adeea2bb97a7dd540b24a35a90073f55, type: 3}
      propertyPath: m_LocalEulerAnglesHint.z
      value: 0
      objectReference: {fileID: 0}
    - target: {fileID: 2363752, guid: adeea2bb97a7dd540b24a35a90073f55, type: 3}
      propertyPath: m_Materials.Array.data[0]
      value: 
      objectReference: {fileID: 2100000, guid: 404c31d0792138543bda0411c79502fe, type: 2}
    m_RemovedComponents: []
  m_SourcePrefab: {fileID: 100100000, guid: adeea2bb97a7dd540b24a35a90073f55, type: 3}
--- !u!4 &8098094657297913936 stripped
Transform:
  m_CorrespondingSourceObject: {fileID: 412470, guid: adeea2bb97a7dd540b24a35a90073f55,
    type: 3}
  m_PrefabInstance: {fileID: 8098094657298060134}
  m_PrefabAsset: {fileID: 0}
--- !u!1001 &8710417780231047233
PrefabInstance:
  m_ObjectHideFlags: 0
  serializedVersion: 2
  m_Modification:
    m_TransformParent: {fileID: 3389928732330254608}
    m_Modifications:
    - target: {fileID: 170498, guid: adeea2bb97a7dd540b24a35a90073f55, type: 3}
      propertyPath: m_Name
      value: Trap_Prickle_00 (12)
      objectReference: {fileID: 0}
    - target: {fileID: 412470, guid: adeea2bb97a7dd540b24a35a90073f55, type: 3}
      propertyPath: m_LocalPosition.x
      value: 0.013527341
      objectReference: {fileID: 0}
    - target: {fileID: 412470, guid: adeea2bb97a7dd540b24a35a90073f55, type: 3}
      propertyPath: m_LocalPosition.y
      value: -0.5751953
      objectReference: {fileID: 0}
    - target: {fileID: 412470, guid: adeea2bb97a7dd540b24a35a90073f55, type: 3}
      propertyPath: m_LocalPosition.z
      value: 0.09465235
      objectReference: {fileID: 0}
    - target: {fileID: 412470, guid: adeea2bb97a7dd540b24a35a90073f55, type: 3}
      propertyPath: m_LocalRotation.x
      value: -0
      objectReference: {fileID: 0}
    - target: {fileID: 412470, guid: adeea2bb97a7dd540b24a35a90073f55, type: 3}
      propertyPath: m_LocalRotation.y
      value: -0
      objectReference: {fileID: 0}
    - target: {fileID: 412470, guid: adeea2bb97a7dd540b24a35a90073f55, type: 3}
      propertyPath: m_LocalRotation.z
      value: -0
      objectReference: {fileID: 0}
    - target: {fileID: 412470, guid: adeea2bb97a7dd540b24a35a90073f55, type: 3}
      propertyPath: m_LocalRotation.w
      value: 1
      objectReference: {fileID: 0}
    - target: {fileID: 412470, guid: adeea2bb97a7dd540b24a35a90073f55, type: 3}
      propertyPath: m_RootOrder
      value: 11
      objectReference: {fileID: 0}
    - target: {fileID: 412470, guid: adeea2bb97a7dd540b24a35a90073f55, type: 3}
      propertyPath: m_LocalEulerAnglesHint.x
      value: 0
      objectReference: {fileID: 0}
    - target: {fileID: 412470, guid: adeea2bb97a7dd540b24a35a90073f55, type: 3}
      propertyPath: m_LocalEulerAnglesHint.y
      value: 0
      objectReference: {fileID: 0}
    - target: {fileID: 412470, guid: adeea2bb97a7dd540b24a35a90073f55, type: 3}
      propertyPath: m_LocalEulerAnglesHint.z
      value: 0
      objectReference: {fileID: 0}
    - target: {fileID: 2363752, guid: adeea2bb97a7dd540b24a35a90073f55, type: 3}
      propertyPath: m_Materials.Array.data[0]
      value: 
      objectReference: {fileID: 2100000, guid: 404c31d0792138543bda0411c79502fe, type: 2}
    m_RemovedComponents: []
  m_SourcePrefab: {fileID: 100100000, guid: adeea2bb97a7dd540b24a35a90073f55, type: 3}
--- !u!4 &8710417780231193463 stripped
Transform:
  m_CorrespondingSourceObject: {fileID: 412470, guid: adeea2bb97a7dd540b24a35a90073f55,
    type: 3}
  m_PrefabInstance: {fileID: 8710417780231047233}
  m_PrefabAsset: {fileID: 0}
--- !u!1001 &9080978825615463653
PrefabInstance:
  m_ObjectHideFlags: 0
  serializedVersion: 2
  m_Modification:
    m_TransformParent: {fileID: 3389928732330254608}
    m_Modifications:
    - target: {fileID: 170498, guid: adeea2bb97a7dd540b24a35a90073f55, type: 3}
      propertyPath: m_Name
      value: Trap_Prickle_00 (11)
      objectReference: {fileID: 0}
    - target: {fileID: 412470, guid: adeea2bb97a7dd540b24a35a90073f55, type: 3}
      propertyPath: m_LocalPosition.x
      value: 0.21552736
      objectReference: {fileID: 0}
    - target: {fileID: 412470, guid: adeea2bb97a7dd540b24a35a90073f55, type: 3}
      propertyPath: m_LocalPosition.y
      value: -0.5751953
      objectReference: {fileID: 0}
    - target: {fileID: 412470, guid: adeea2bb97a7dd540b24a35a90073f55, type: 3}
      propertyPath: m_LocalPosition.z
      value: 0.29265234
      objectReference: {fileID: 0}
    - target: {fileID: 412470, guid: adeea2bb97a7dd540b24a35a90073f55, type: 3}
      propertyPath: m_LocalRotation.x
      value: -0
      objectReference: {fileID: 0}
    - target: {fileID: 412470, guid: adeea2bb97a7dd540b24a35a90073f55, type: 3}
      propertyPath: m_LocalRotation.y
      value: -0
      objectReference: {fileID: 0}
    - target: {fileID: 412470, guid: adeea2bb97a7dd540b24a35a90073f55, type: 3}
      propertyPath: m_LocalRotation.z
      value: -0
      objectReference: {fileID: 0}
    - target: {fileID: 412470, guid: adeea2bb97a7dd540b24a35a90073f55, type: 3}
      propertyPath: m_LocalRotation.w
      value: 1
      objectReference: {fileID: 0}
    - target: {fileID: 412470, guid: adeea2bb97a7dd540b24a35a90073f55, type: 3}
      propertyPath: m_RootOrder
      value: 10
      objectReference: {fileID: 0}
    - target: {fileID: 412470, guid: adeea2bb97a7dd540b24a35a90073f55, type: 3}
      propertyPath: m_LocalEulerAnglesHint.x
      value: 0
      objectReference: {fileID: 0}
    - target: {fileID: 412470, guid: adeea2bb97a7dd540b24a35a90073f55, type: 3}
      propertyPath: m_LocalEulerAnglesHint.y
      value: 0
      objectReference: {fileID: 0}
    - target: {fileID: 412470, guid: adeea2bb97a7dd540b24a35a90073f55, type: 3}
      propertyPath: m_LocalEulerAnglesHint.z
      value: 0
      objectReference: {fileID: 0}
    - target: {fileID: 2363752, guid: adeea2bb97a7dd540b24a35a90073f55, type: 3}
      propertyPath: m_Materials.Array.data[0]
      value: 
      objectReference: {fileID: 2100000, guid: 404c31d0792138543bda0411c79502fe, type: 2}
    m_RemovedComponents: []
  m_SourcePrefab: {fileID: 100100000, guid: adeea2bb97a7dd540b24a35a90073f55, type: 3}
--- !u!4 &9080978825615056851 stripped
Transform:
  m_CorrespondingSourceObject: {fileID: 412470, guid: adeea2bb97a7dd540b24a35a90073f55,
    type: 3}
  m_PrefabInstance: {fileID: 9080978825615463653}
  m_PrefabAsset: {fileID: 0}
