%YAML 1.1
%TAG !u! tag:unity3d.com,2011:
--- !u!1 &443852527
GameObject:
  m_ObjectHideFlags: 0
  m_CorrespondingSourceObject: {fileID: 0}
  m_PrefabInstance: {fileID: 0}
  m_PrefabAsset: {fileID: 0}
  serializedVersion: 6
  m_Component:
  - component: {fileID: 443852528}
  - component: {fileID: 443852529}
  m_Layer: 8
  m_Name: HeadCollision
  m_TagString: EnemyHead
  m_Icon: {fileID: 0}
  m_NavMeshLayer: 0
  m_StaticEditorFlags: 0
  m_IsActive: 1
--- !u!4 &443852528
Transform:
  m_ObjectHideFlags: 0
  m_CorrespondingSourceObject: {fileID: 0}
  m_PrefabInstance: {fileID: 0}
  m_PrefabAsset: {fileID: 0}
  m_GameObject: {fileID: 443852527}
  m_LocalRotation: {x: -0, y: -0, z: -0, w: 1}
  m_LocalPosition: {x: 0, y: 0.019241145, z: 0.0002845928}
  m_LocalScale: {x: 0.012373727, y: 0.012373727, z: 0.012373727}
  m_Children: []
  m_Father: {fileID: 4165377276484448343}
  m_RootOrder: 2
  m_LocalEulerAnglesHint: {x: 0, y: 0, z: 0}
--- !u!136 &443852529
CapsuleCollider:
  m_ObjectHideFlags: 0
  m_CorrespondingSourceObject: {fileID: 0}
  m_PrefabInstance: {fileID: 0}
  m_PrefabAsset: {fileID: 0}
  m_GameObject: {fileID: 443852527}
  m_Material: {fileID: 0}
  m_IsTrigger: 0
  m_Enabled: 1
  m_Radius: 0.5804278
  m_Height: 1.1608557
  m_Direction: 1
  m_Center: {x: 0.004414797, y: -0.39, z: -0.033715904}
--- !u!1 &4161415586709395562
GameObject:
  m_ObjectHideFlags: 0
  m_CorrespondingSourceObject: {fileID: 0}
  m_PrefabInstance: {fileID: 0}
  m_PrefabAsset: {fileID: 0}
  serializedVersion: 6
  m_Component:
  - component: {fileID: 4161415586709395563}
  m_Layer: 0
  m_Name: Path3
  m_TagString: Untagged
  m_Icon: {fileID: 2488908585195742037, guid: 0000000000000000d000000000000000, type: 0}
  m_NavMeshLayer: 0
  m_StaticEditorFlags: 0
  m_IsActive: 1
--- !u!4 &4161415586709395563
Transform:
  m_ObjectHideFlags: 0
  m_CorrespondingSourceObject: {fileID: 0}
  m_PrefabInstance: {fileID: 0}
  m_PrefabAsset: {fileID: 0}
  m_GameObject: {fileID: 4161415586709395562}
  m_LocalRotation: {x: -0, y: -0, z: -0, w: 1}
  m_LocalPosition: {x: -22.5, y: 2.06, z: -17.33}
  m_LocalScale: {x: 0.14, y: 0.14, z: 0.14}
  m_Children: []
  m_Father: {fileID: 2588520968347035608}
  m_RootOrder: 4
  m_LocalEulerAnglesHint: {x: 0, y: 0, z: 0}
--- !u!1 &4161415586864076277
GameObject:
  m_ObjectHideFlags: 0
  m_CorrespondingSourceObject: {fileID: 0}
  m_PrefabInstance: {fileID: 0}
  m_PrefabAsset: {fileID: 0}
  serializedVersion: 6
  m_Component:
  - component: {fileID: 4161415586864076278}
  m_Layer: 0
  m_Name: Path1
  m_TagString: Untagged
  m_Icon: {fileID: 2488908585195742037, guid: 0000000000000000d000000000000000, type: 0}
  m_NavMeshLayer: 0
  m_StaticEditorFlags: 0
  m_IsActive: 1
--- !u!4 &4161415586864076278
Transform:
  m_ObjectHideFlags: 0
  m_CorrespondingSourceObject: {fileID: 0}
  m_PrefabInstance: {fileID: 0}
  m_PrefabAsset: {fileID: 0}
  m_GameObject: {fileID: 4161415586864076277}
  m_LocalRotation: {x: -0, y: -0, z: -0, w: 1}
  m_LocalPosition: {x: 0, y: 2.06, z: 0}
  m_LocalScale: {x: 0.14, y: 0.14, z: 0.14}
  m_Children: []
  m_Father: {fileID: 2588520968347035608}
  m_RootOrder: 1
  m_LocalEulerAnglesHint: {x: 0, y: 0, z: 0}
--- !u!1 &4161415587872593137
GameObject:
  m_ObjectHideFlags: 0
  m_CorrespondingSourceObject: {fileID: 0}
  m_PrefabInstance: {fileID: 0}
  m_PrefabAsset: {fileID: 0}
  serializedVersion: 6
  m_Component:
  - component: {fileID: 4161415587872593138}
  m_Layer: 0
  m_Name: Path2
  m_TagString: Untagged
  m_Icon: {fileID: 2488908585195742037, guid: 0000000000000000d000000000000000, type: 0}
  m_NavMeshLayer: 0
  m_StaticEditorFlags: 0
  m_IsActive: 1
--- !u!4 &4161415587872593138
Transform:
  m_ObjectHideFlags: 0
  m_CorrespondingSourceObject: {fileID: 0}
  m_PrefabInstance: {fileID: 0}
  m_PrefabAsset: {fileID: 0}
  m_GameObject: {fileID: 4161415587872593137}
  m_LocalRotation: {x: -0, y: -0, z: -0, w: 1}
  m_LocalPosition: {x: -22.5, y: 2.06, z: 0}
  m_LocalScale: {x: 0.14, y: 0.14, z: 0.14}
  m_Children: []
  m_Father: {fileID: 2588520968347035608}
  m_RootOrder: 2
  m_LocalEulerAnglesHint: {x: 0, y: 0, z: 0}
--- !u!1 &4161415587948827259
GameObject:
  m_ObjectHideFlags: 0
  m_CorrespondingSourceObject: {fileID: 0}
  m_PrefabInstance: {fileID: 0}
  m_PrefabAsset: {fileID: 0}
  serializedVersion: 6
  m_Component:
  - component: {fileID: 4161415587948827260}
  m_Layer: 0
  m_Name: Path4
  m_TagString: Untagged
  m_Icon: {fileID: 2488908585195742037, guid: 0000000000000000d000000000000000, type: 0}
  m_NavMeshLayer: 0
  m_StaticEditorFlags: 0
  m_IsActive: 1
--- !u!4 &4161415587948827260
Transform:
  m_ObjectHideFlags: 0
  m_CorrespondingSourceObject: {fileID: 0}
  m_PrefabInstance: {fileID: 0}
  m_PrefabAsset: {fileID: 0}
  m_GameObject: {fileID: 4161415587948827259}
  m_LocalRotation: {x: -0, y: -0, z: -0, w: 1}
  m_LocalPosition: {x: 0, y: 2.06, z: -17.37}
  m_LocalScale: {x: 0.14, y: 0.14, z: 0.14}
  m_Children: []
  m_Father: {fileID: 2588520968347035608}
  m_RootOrder: 3
  m_LocalEulerAnglesHint: {x: 0, y: 0, z: 0}
--- !u!136 &691965067
CapsuleCollider:
  m_ObjectHideFlags: 0
  m_CorrespondingSourceObject: {fileID: 0}
  m_PrefabInstance: {fileID: 0}
  m_PrefabAsset: {fileID: 0}
  m_GameObject: {fileID: 4162413387354488431}
  m_Material: {fileID: 0}
  m_IsTrigger: 0
  m_Enabled: 1
  m_Radius: 0.008
  m_Height: 0.008
  m_Direction: 1
  m_Center: {x: 0, y: 0.007, z: 0}
--- !u!114 &4161415587329860509
MonoBehaviour:
  m_ObjectHideFlags: 0
  m_CorrespondingSourceObject: {fileID: 0}
  m_PrefabInstance: {fileID: 0}
  m_PrefabAsset: {fileID: 0}
  m_GameObject: {fileID: 4162413387354488431}
  m_Enabled: 1
  m_EditorHideFlags: 0
  m_Script: {fileID: 11500000, guid: c9d164a9799cf1044946f85812b1deef, type: 3}
  m_Name: 
  m_EditorClassIdentifier: 
  hitPoints: 1
  movementSpeed: 0.1
  rotationSpeed: 6
  relativeRotation: 0
  paths:
  - {fileID: 4161415586864076277}
  - {fileID: 4161415587872593137}
  - {fileID: 4161415586709395562}
  - {fileID: 4161415587948827259}
  nPath: 0
  randomPath: 0
  headCollision: {fileID: 443852527}
--- !u!1 &8467369098426950924
GameObject:
  m_ObjectHideFlags: 0
  m_CorrespondingSourceObject: {fileID: 0}
  m_PrefabInstance: {fileID: 0}
  m_PrefabAsset: {fileID: 0}
  serializedVersion: 6
  m_Component:
  - component: {fileID: 2588520968347035608}
  m_Layer: 0
  m_Name: Bat_LVL1
  m_TagString: Untagged
  m_Icon: {fileID: 0}
  m_NavMeshLayer: 0
  m_StaticEditorFlags: 0
  m_IsActive: 1
--- !u!4 &2588520968347035608
Transform:
  m_ObjectHideFlags: 0
  m_CorrespondingSourceObject: {fileID: 0}
  m_PrefabInstance: {fileID: 0}
  m_PrefabAsset: {fileID: 0}
  m_GameObject: {fileID: 8467369098426950924}
  m_LocalRotation: {x: 0, y: 0, z: 0, w: 1}
  m_LocalPosition: {x: 0.111602515, y: 0.15814602, z: -0.004432112}
  m_LocalScale: {x: 1, y: 1, z: 1}
  m_Children:
  - {fileID: 4165377276484448343}
  - {fileID: 4161415586864076278}
  - {fileID: 4161415587872593138}
  - {fileID: 4161415587948827260}
  - {fileID: 4161415586709395563}
  m_Father: {fileID: 0}
  m_RootOrder: 0
  m_LocalEulerAnglesHint: {x: 0, y: 0, z: 0}
--- !u!1001 &1190744259
PrefabInstance:
  m_ObjectHideFlags: 0
  serializedVersion: 2
  m_Modification:
    m_TransformParent: {fileID: 4165377276484448343}
    m_Modifications:
    - target: {fileID: 100002, guid: 28a5e79925e3ce04a82856c16a572cbe, type: 3}
      propertyPath: m_Name
      value: BlobShadowProjector
      objectReference: {fileID: 0}
    - target: {fileID: 400002, guid: 28a5e79925e3ce04a82856c16a572cbe, type: 3}
      propertyPath: m_LocalPosition.x
      value: 0
      objectReference: {fileID: 0}
    - target: {fileID: 400002, guid: 28a5e79925e3ce04a82856c16a572cbe, type: 3}
      propertyPath: m_LocalPosition.y
      value: 0.045
      objectReference: {fileID: 0}
    - target: {fileID: 400002, guid: 28a5e79925e3ce04a82856c16a572cbe, type: 3}
      propertyPath: m_LocalPosition.z
      value: -0
      objectReference: {fileID: 0}
    - target: {fileID: 400002, guid: 28a5e79925e3ce04a82856c16a572cbe, type: 3}
      propertyPath: m_LocalRotation.x
      value: 0.7071068
      objectReference: {fileID: 0}
    - target: {fileID: 400002, guid: 28a5e79925e3ce04a82856c16a572cbe, type: 3}
      propertyPath: m_LocalRotation.y
      value: 0
      objectReference: {fileID: 0}
    - target: {fileID: 400002, guid: 28a5e79925e3ce04a82856c16a572cbe, type: 3}
      propertyPath: m_LocalRotation.z
      value: 0
      objectReference: {fileID: 0}
    - target: {fileID: 400002, guid: 28a5e79925e3ce04a82856c16a572cbe, type: 3}
      propertyPath: m_LocalRotation.w
      value: 0.7071068
      objectReference: {fileID: 0}
    - target: {fileID: 400002, guid: 28a5e79925e3ce04a82856c16a572cbe, type: 3}
      propertyPath: m_RootOrder
      value: 3
      objectReference: {fileID: 0}
    - target: {fileID: 400002, guid: 28a5e79925e3ce04a82856c16a572cbe, type: 3}
      propertyPath: m_LocalEulerAnglesHint.x
      value: 90
      objectReference: {fileID: 0}
    - target: {fileID: 400002, guid: 28a5e79925e3ce04a82856c16a572cbe, type: 3}
      propertyPath: m_LocalEulerAnglesHint.y
      value: 0
      objectReference: {fileID: 0}
    - target: {fileID: 400002, guid: 28a5e79925e3ce04a82856c16a572cbe, type: 3}
      propertyPath: m_LocalEulerAnglesHint.z
      value: 0
      objectReference: {fileID: 0}
    - target: {fileID: 11900000, guid: 28a5e79925e3ce04a82856c16a572cbe, type: 3}
      propertyPath: m_IgnoreLayers.m_Bits
      value: 256
      objectReference: {fileID: 0}
    m_RemovedComponents: []
  m_SourcePrefab: {fileID: 100100000, guid: 28a5e79925e3ce04a82856c16a572cbe, type: 3}
--- !u!1001 &4161415588535140287
PrefabInstance:
  m_ObjectHideFlags: 0
  serializedVersion: 2
  m_Modification:
    m_TransformParent: {fileID: 2588520968347035608}
    m_Modifications:
    - target: {fileID: 1000013827195344, guid: d82532fc4fd80bf4097d29efd331a0ff, type: 3}
      propertyPath: m_Name
      value: Bat_LVL1
      objectReference: {fileID: 0}
    - target: {fileID: 1000013827195344, guid: d82532fc4fd80bf4097d29efd331a0ff, type: 3}
      propertyPath: m_Layer
      value: 8
      objectReference: {fileID: 0}
    - target: {fileID: 1000013827195344, guid: d82532fc4fd80bf4097d29efd331a0ff, type: 3}
      propertyPath: m_TagString
      value: Enemy
      objectReference: {fileID: 0}
    - target: {fileID: 4000013189255144, guid: d82532fc4fd80bf4097d29efd331a0ff, type: 3}
      propertyPath: m_LocalPosition.x
      value: 0
      objectReference: {fileID: 0}
    - target: {fileID: 4000013189255144, guid: d82532fc4fd80bf4097d29efd331a0ff, type: 3}
      propertyPath: m_LocalPosition.y
      value: 1.53
      objectReference: {fileID: 0}
    - target: {fileID: 4000013189255144, guid: d82532fc4fd80bf4097d29efd331a0ff, type: 3}
      propertyPath: m_LocalPosition.z
      value: 0
      objectReference: {fileID: 0}
    - target: {fileID: 4000013189255144, guid: d82532fc4fd80bf4097d29efd331a0ff, type: 3}
      propertyPath: m_LocalRotation.x
      value: -0
      objectReference: {fileID: 0}
    - target: {fileID: 4000013189255144, guid: d82532fc4fd80bf4097d29efd331a0ff, type: 3}
      propertyPath: m_LocalRotation.y
      value: -0
      objectReference: {fileID: 0}
    - target: {fileID: 4000013189255144, guid: d82532fc4fd80bf4097d29efd331a0ff, type: 3}
      propertyPath: m_LocalRotation.z
      value: -0
      objectReference: {fileID: 0}
    - target: {fileID: 4000013189255144, guid: d82532fc4fd80bf4097d29efd331a0ff, type: 3}
      propertyPath: m_LocalRotation.w
      value: 1
      objectReference: {fileID: 0}
    - target: {fileID: 4000013189255144, guid: d82532fc4fd80bf4097d29efd331a0ff, type: 3}
      propertyPath: m_RootOrder
      value: 0
      objectReference: {fileID: 0}
    - target: {fileID: 4000013189255144, guid: d82532fc4fd80bf4097d29efd331a0ff, type: 3}
      propertyPath: m_LocalEulerAnglesHint.x
      value: 0
      objectReference: {fileID: 0}
    - target: {fileID: 4000013189255144, guid: d82532fc4fd80bf4097d29efd331a0ff, type: 3}
      propertyPath: m_LocalEulerAnglesHint.y
      value: 0
      objectReference: {fileID: 0}
    - target: {fileID: 4000013189255144, guid: d82532fc4fd80bf4097d29efd331a0ff, type: 3}
      propertyPath: m_LocalEulerAnglesHint.z
      value: 0
      objectReference: {fileID: 0}
    - target: {fileID: 4000013189255144, guid: d82532fc4fd80bf4097d29efd331a0ff, type: 3}
      propertyPath: m_LocalScale.x
      value: 80.8164
      objectReference: {fileID: 0}
    - target: {fileID: 4000013189255144, guid: d82532fc4fd80bf4097d29efd331a0ff, type: 3}
      propertyPath: m_LocalScale.y
      value: 80.8164
      objectReference: {fileID: 0}
    - target: {fileID: 4000013189255144, guid: d82532fc4fd80bf4097d29efd331a0ff, type: 3}
      propertyPath: m_LocalScale.z
      value: 80.8164
      objectReference: {fileID: 0}
    - target: {fileID: 95000012289870092, guid: d82532fc4fd80bf4097d29efd331a0ff,
        type: 3}
      propertyPath: m_Controller
      value: 
      objectReference: {fileID: 9100000, guid: 642cd53ae2324d840af746153a11f97b, type: 2}
    - target: {fileID: 1000013180751210, guid: d82532fc4fd80bf4097d29efd331a0ff, type: 3}
      propertyPath: m_Layer
      value: 8
      objectReference: {fileID: 0}
    - target: {fileID: 1000014061021640, guid: d82532fc4fd80bf4097d29efd331a0ff, type: 3}
      propertyPath: m_Layer
      value: 8
      objectReference: {fileID: 0}
    - target: {fileID: 137000012660793904, guid: d82532fc4fd80bf4097d29efd331a0ff,
        type: 3}
      propertyPath: m_Bones.Array.data[0]
      value: 
      objectReference: {fileID: 4165377279504420013}
    - target: {fileID: 137000012660793904, guid: d82532fc4fd80bf4097d29efd331a0ff,
        type: 3}
      propertyPath: m_Bones.Array.data[1]
      value: 
      objectReference: {fileID: 4165377276349860845}
    - target: {fileID: 137000012660793904, guid: d82532fc4fd80bf4097d29efd331a0ff,
        type: 3}
      propertyPath: m_Bones.Array.data[2]
      value: 
      objectReference: {fileID: 4165377279696293487}
    - target: {fileID: 137000012660793904, guid: d82532fc4fd80bf4097d29efd331a0ff,
        type: 3}
      propertyPath: m_Bones.Array.data[3]
      value: 
      objectReference: {fileID: 4165377277575934187}
    - target: {fileID: 137000012660793904, guid: d82532fc4fd80bf4097d29efd331a0ff,
        type: 3}
      propertyPath: m_Bones.Array.data[4]
      value: 
      objectReference: {fileID: 4165377279743289547}
    - target: {fileID: 137000012660793904, guid: d82532fc4fd80bf4097d29efd331a0ff,
        type: 3}
      propertyPath: m_Bones.Array.data[5]
      value: 
      objectReference: {fileID: 4165377277774757143}
    - target: {fileID: 137000012660793904, guid: d82532fc4fd80bf4097d29efd331a0ff,
        type: 3}
      propertyPath: m_Bones.Array.data[6]
      value: 
      objectReference: {fileID: 4165377276680357065}
    - target: {fileID: 137000012660793904, guid: d82532fc4fd80bf4097d29efd331a0ff,
        type: 3}
      propertyPath: m_Bones.Array.data[7]
      value: 
      objectReference: {fileID: 4165377277604074501}
    - target: {fileID: 137000012660793904, guid: d82532fc4fd80bf4097d29efd331a0ff,
        type: 3}
      propertyPath: m_Bones.Array.data[8]
      value: 
      objectReference: {fileID: 4165377276781483609}
    - target: {fileID: 137000012660793904, guid: d82532fc4fd80bf4097d29efd331a0ff,
        type: 3}
      propertyPath: m_Bones.Array.data[9]
      value: 
      objectReference: {fileID: 4165377277667645503}
    - target: {fileID: 137000012660793904, guid: d82532fc4fd80bf4097d29efd331a0ff,
        type: 3}
      propertyPath: m_Bones.Array.data[10]
      value: 
      objectReference: {fileID: 4165377276785382541}
    - target: {fileID: 137000012660793904, guid: d82532fc4fd80bf4097d29efd331a0ff,
        type: 3}
      propertyPath: m_Bones.Array.data[11]
      value: 
      objectReference: {fileID: 4165377275663297041}
    - target: {fileID: 137000012660793904, guid: d82532fc4fd80bf4097d29efd331a0ff,
        type: 3}
      propertyPath: m_Bones.Array.data[12]
      value: 
      objectReference: {fileID: 4165377278935265303}
    - target: {fileID: 137000012660793904, guid: d82532fc4fd80bf4097d29efd331a0ff,
        type: 3}
      propertyPath: m_Bones.Array.data[13]
      value: 
      objectReference: {fileID: 4165377275625686027}
    - target: {fileID: 137000012660793904, guid: d82532fc4fd80bf4097d29efd331a0ff,
        type: 3}
      propertyPath: m_Bones.Array.data[14]
      value: 
      objectReference: {fileID: 4165377279008838799}
    - target: {fileID: 137000012660793904, guid: d82532fc4fd80bf4097d29efd331a0ff,
        type: 3}
      propertyPath: m_Bones.Array.data[15]
      value: 
      objectReference: {fileID: 4165377279462991475}
    - target: {fileID: 137000012660793904, guid: d82532fc4fd80bf4097d29efd331a0ff,
        type: 3}
      propertyPath: m_Bones.Array.data[16]
      value: 
      objectReference: {fileID: 4165377276198179729}
    - target: {fileID: 137000012660793904, guid: d82532fc4fd80bf4097d29efd331a0ff,
        type: 3}
      propertyPath: m_Bones.Array.data[17]
      value: 
      objectReference: {fileID: 4165377275941410429}
    - target: {fileID: 137000012660793904, guid: d82532fc4fd80bf4097d29efd331a0ff,
        type: 3}
      propertyPath: m_Bones.Array.data[18]
      value: 
      objectReference: {fileID: 4165377275994516699}
    - target: {fileID: 137000012660793904, guid: d82532fc4fd80bf4097d29efd331a0ff,
        type: 3}
      propertyPath: m_Bones.Array.data[19]
      value: 
      objectReference: {fileID: 4165377275900628729}
    - target: {fileID: 137000012660793904, guid: d82532fc4fd80bf4097d29efd331a0ff,
        type: 3}
      propertyPath: m_Bones.Array.data[20]
      value: 
      objectReference: {fileID: 4165377277005846053}
    - target: {fileID: 137000012660793904, guid: d82532fc4fd80bf4097d29efd331a0ff,
        type: 3}
      propertyPath: m_Bones.Array.data[21]
      value: 
      objectReference: {fileID: 4165377275918567957}
    - target: {fileID: 137000012660793904, guid: d82532fc4fd80bf4097d29efd331a0ff,
        type: 3}
      propertyPath: m_RootBone
      value: 
      objectReference: {fileID: 4165377279504420013}
    - target: {fileID: 1000013312727646, guid: d82532fc4fd80bf4097d29efd331a0ff, type: 3}
      propertyPath: m_Layer
      value: 8
      objectReference: {fileID: 0}
    - target: {fileID: 1000013833150240, guid: d82532fc4fd80bf4097d29efd331a0ff, type: 3}
      propertyPath: m_Layer
      value: 8
      objectReference: {fileID: 0}
    - target: {fileID: 1000013026428566, guid: d82532fc4fd80bf4097d29efd331a0ff, type: 3}
      propertyPath: m_Layer
      value: 8
      objectReference: {fileID: 0}
    - target: {fileID: 1000013104911228, guid: d82532fc4fd80bf4097d29efd331a0ff, type: 3}
      propertyPath: m_Layer
      value: 8
      objectReference: {fileID: 0}
    - target: {fileID: 1000010477720510, guid: d82532fc4fd80bf4097d29efd331a0ff, type: 3}
      propertyPath: m_Layer
      value: 8
      objectReference: {fileID: 0}
    - target: {fileID: 1000013070243960, guid: d82532fc4fd80bf4097d29efd331a0ff, type: 3}
      propertyPath: m_Layer
      value: 8
      objectReference: {fileID: 0}
    - target: {fileID: 1000011274285616, guid: d82532fc4fd80bf4097d29efd331a0ff, type: 3}
      propertyPath: m_Layer
      value: 8
      objectReference: {fileID: 0}
    - target: {fileID: 1000011116931616, guid: d82532fc4fd80bf4097d29efd331a0ff, type: 3}
      propertyPath: m_Layer
      value: 8
      objectReference: {fileID: 0}
    - target: {fileID: 1000011468522360, guid: d82532fc4fd80bf4097d29efd331a0ff, type: 3}
      propertyPath: m_Layer
      value: 8
      objectReference: {fileID: 0}
    - target: {fileID: 1000010355929870, guid: d82532fc4fd80bf4097d29efd331a0ff, type: 3}
      propertyPath: m_Layer
      value: 8
      objectReference: {fileID: 0}
    - target: {fileID: 1000012993507504, guid: d82532fc4fd80bf4097d29efd331a0ff, type: 3}
      propertyPath: m_Layer
      value: 8
      objectReference: {fileID: 0}
    - target: {fileID: 1000011742966206, guid: d82532fc4fd80bf4097d29efd331a0ff, type: 3}
      propertyPath: m_Layer
      value: 8
      objectReference: {fileID: 0}
    - target: {fileID: 1000012017388196, guid: d82532fc4fd80bf4097d29efd331a0ff, type: 3}
      propertyPath: m_Layer
      value: 8
      objectReference: {fileID: 0}
    - target: {fileID: 1000012075992078, guid: d82532fc4fd80bf4097d29efd331a0ff, type: 3}
      propertyPath: m_Layer
      value: 8
      objectReference: {fileID: 0}
    - target: {fileID: 1000010388687334, guid: d82532fc4fd80bf4097d29efd331a0ff, type: 3}
      propertyPath: m_Layer
      value: 8
      objectReference: {fileID: 0}
    - target: {fileID: 1000011753431610, guid: d82532fc4fd80bf4097d29efd331a0ff, type: 3}
      propertyPath: m_Layer
      value: 8
      objectReference: {fileID: 0}
    - target: {fileID: 1000013885625086, guid: d82532fc4fd80bf4097d29efd331a0ff, type: 3}
      propertyPath: m_Layer
      value: 8
      objectReference: {fileID: 0}
    - target: {fileID: 1000011408902914, guid: d82532fc4fd80bf4097d29efd331a0ff, type: 3}
      propertyPath: m_Layer
      value: 8
      objectReference: {fileID: 0}
    - target: {fileID: 1000010022904438, guid: d82532fc4fd80bf4097d29efd331a0ff, type: 3}
      propertyPath: m_Layer
      value: 8
      objectReference: {fileID: 0}
    - target: {fileID: 1000012647848446, guid: d82532fc4fd80bf4097d29efd331a0ff, type: 3}
      propertyPath: m_Layer
      value: 8
      objectReference: {fileID: 0}
    - target: {fileID: 1000010799268312, guid: d82532fc4fd80bf4097d29efd331a0ff, type: 3}
      propertyPath: m_Layer
      value: 8
      objectReference: {fileID: 0}
    - target: {fileID: 1000013947081506, guid: d82532fc4fd80bf4097d29efd331a0ff, type: 3}
      propertyPath: m_Layer
      value: 8
      objectReference: {fileID: 0}
    - target: {fileID: 1000013241968908, guid: d82532fc4fd80bf4097d29efd331a0ff, type: 3}
      propertyPath: m_Layer
      value: 8
      objectReference: {fileID: 0}
    - target: {fileID: 1000014210995674, guid: d82532fc4fd80bf4097d29efd331a0ff, type: 3}
      propertyPath: m_Layer
      value: 8
      objectReference: {fileID: 0}
    - target: {fileID: 1000010600417634, guid: d82532fc4fd80bf4097d29efd331a0ff, type: 3}
      propertyPath: m_Layer
      value: 8
      objectReference: {fileID: 0}
    - target: {fileID: 1000013929574736, guid: d82532fc4fd80bf4097d29efd331a0ff, type: 3}
      propertyPath: m_Layer
      value: 8
      objectReference: {fileID: 0}
    - target: {fileID: 1000010777605014, guid: d82532fc4fd80bf4097d29efd331a0ff, type: 3}
      propertyPath: m_Layer
      value: 8
      objectReference: {fileID: 0}
    - target: {fileID: 1000013077823458, guid: d82532fc4fd80bf4097d29efd331a0ff, type: 3}
      propertyPath: m_Layer
      value: 8
      objectReference: {fileID: 0}
    - target: {fileID: 1000014050019942, guid: d82532fc4fd80bf4097d29efd331a0ff, type: 3}
      propertyPath: m_Layer
      value: 8
      objectReference: {fileID: 0}
    - target: {fileID: 1000011647221186, guid: d82532fc4fd80bf4097d29efd331a0ff, type: 3}
      propertyPath: m_Layer
      value: 8
      objectReference: {fileID: 0}
    - target: {fileID: 1000011764729624, guid: d82532fc4fd80bf4097d29efd331a0ff, type: 3}
      propertyPath: m_Layer
      value: 8
      objectReference: {fileID: 0}
    - target: {fileID: 1000012815493676, guid: d82532fc4fd80bf4097d29efd331a0ff, type: 3}
      propertyPath: m_Layer
      value: 8
      objectReference: {fileID: 0}
    - target: {fileID: 1000011545449386, guid: d82532fc4fd80bf4097d29efd331a0ff, type: 3}
      propertyPath: m_Layer
      value: 8
      objectReference: {fileID: 0}
    - target: {fileID: 1000013101790122, guid: d82532fc4fd80bf4097d29efd331a0ff, type: 3}
      propertyPath: m_Layer
      value: 8
      objectReference: {fileID: 0}
    - target: {fileID: 1000010778747682, guid: d82532fc4fd80bf4097d29efd331a0ff, type: 3}
      propertyPath: m_Layer
      value: 8
      objectReference: {fileID: 0}
    - target: {fileID: 1000011685619030, guid: d82532fc4fd80bf4097d29efd331a0ff, type: 3}
      propertyPath: m_Layer
      value: 8
      objectReference: {fileID: 0}
    - target: {fileID: 1000011766229158, guid: d82532fc4fd80bf4097d29efd331a0ff, type: 3}
      propertyPath: m_Layer
      value: 8
      objectReference: {fileID: 0}
    - target: {fileID: 1000012555765950, guid: d82532fc4fd80bf4097d29efd331a0ff, type: 3}
      propertyPath: m_Layer
      value: 8
      objectReference: {fileID: 0}
    - target: {fileID: 1000011372840132, guid: d82532fc4fd80bf4097d29efd331a0ff, type: 3}
      propertyPath: m_Layer
      value: 8
      objectReference: {fileID: 0}
    - target: {fileID: 1000010839373576, guid: d82532fc4fd80bf4097d29efd331a0ff, type: 3}
      propertyPath: m_Layer
      value: 8
      objectReference: {fileID: 0}
    - target: {fileID: 1000014148805318, guid: d82532fc4fd80bf4097d29efd331a0ff, type: 3}
      propertyPath: m_Layer
      value: 8
      objectReference: {fileID: 0}
    m_RemovedComponents: []
  m_SourcePrefab: {fileID: 100100000, guid: d82532fc4fd80bf4097d29efd331a0ff, type: 3}
--- !u!1 &4162413387354488431 stripped
GameObject:
  m_CorrespondingSourceObject: {fileID: 1000013827195344, guid: d82532fc4fd80bf4097d29efd331a0ff,
    type: 3}
  m_PrefabInstance: {fileID: 4161415588535140287}
  m_PrefabAsset: {fileID: 0}
--- !u!4 &4165377276484448343 stripped
Transform:
  m_CorrespondingSourceObject: {fileID: 4000013189255144, guid: d82532fc4fd80bf4097d29efd331a0ff,
    type: 3}
  m_PrefabInstance: {fileID: 4161415588535140287}
  m_PrefabAsset: {fileID: 0}
--- !u!4 &4165377275900628729 stripped
Transform:
  m_CorrespondingSourceObject: {fileID: 4000013787230534, guid: d82532fc4fd80bf4097d29efd331a0ff,
    type: 3}
  m_PrefabInstance: {fileID: 4161415588535140287}
  m_PrefabAsset: {fileID: 0}
--- !u!4 &4165377277005846053 stripped
Transform:
  m_CorrespondingSourceObject: {fileID: 4000012732344730, guid: d82532fc4fd80bf4097d29efd331a0ff,
    type: 3}
  m_PrefabInstance: {fileID: 4161415588535140287}
  m_PrefabAsset: {fileID: 0}
--- !u!4 &4165377275918567957 stripped
Transform:
  m_CorrespondingSourceObject: {fileID: 4000013838759338, guid: d82532fc4fd80bf4097d29efd331a0ff,
    type: 3}
  m_PrefabInstance: {fileID: 4161415588535140287}
  m_PrefabAsset: {fileID: 0}
--- !u!4 &4165377277667645503 stripped
Transform:
  m_CorrespondingSourceObject: {fileID: 4000012089812864, guid: d82532fc4fd80bf4097d29efd331a0ff,
    type: 3}
  m_PrefabInstance: {fileID: 4161415588535140287}
  m_PrefabAsset: {fileID: 0}
--- !u!4 &4165377276785382541 stripped
Transform:
  m_CorrespondingSourceObject: {fileID: 4000012953332530, guid: d82532fc4fd80bf4097d29efd331a0ff,
    type: 3}
  m_PrefabInstance: {fileID: 4161415588535140287}
  m_PrefabAsset: {fileID: 0}
--- !u!4 &4165377275663297041 stripped
Transform:
  m_CorrespondingSourceObject: {fileID: 4000014075286958, guid: d82532fc4fd80bf4097d29efd331a0ff,
    type: 3}
  m_PrefabInstance: {fileID: 4161415588535140287}
  m_PrefabAsset: {fileID: 0}
--- !u!4 &4165377278935265303 stripped
Transform:
  m_CorrespondingSourceObject: {fileID: 4000010803056552, guid: d82532fc4fd80bf4097d29efd331a0ff,
    type: 3}
  m_PrefabInstance: {fileID: 4161415588535140287}
  m_PrefabAsset: {fileID: 0}
--- !u!4 &4165377275625686027 stripped
Transform:
  m_CorrespondingSourceObject: {fileID: 4000014046051252, guid: d82532fc4fd80bf4097d29efd331a0ff,
    type: 3}
  m_PrefabInstance: {fileID: 4161415588535140287}
  m_PrefabAsset: {fileID: 0}
--- !u!4 &4165377279008838799 stripped
Transform:
  m_CorrespondingSourceObject: {fileID: 4000010746653488, guid: d82532fc4fd80bf4097d29efd331a0ff,
    type: 3}
  m_PrefabInstance: {fileID: 4161415588535140287}
  m_PrefabAsset: {fileID: 0}
--- !u!4 &4165377279462991475 stripped
Transform:
  m_CorrespondingSourceObject: {fileID: 4000010227620300, guid: d82532fc4fd80bf4097d29efd331a0ff,
    type: 3}
  m_PrefabInstance: {fileID: 4161415588535140287}
  m_PrefabAsset: {fileID: 0}
--- !u!4 &4165377277604074501 stripped
Transform:
  m_CorrespondingSourceObject: {fileID: 4000012136344506, guid: d82532fc4fd80bf4097d29efd331a0ff,
    type: 3}
  m_PrefabInstance: {fileID: 4161415588535140287}
  m_PrefabAsset: {fileID: 0}
--- !u!4 &4165377276680357065 stripped
Transform:
  m_CorrespondingSourceObject: {fileID: 4000012990987126, guid: d82532fc4fd80bf4097d29efd331a0ff,
    type: 3}
  m_PrefabInstance: {fileID: 4161415588535140287}
  m_PrefabAsset: {fileID: 0}
--- !u!4 &4165377277774757143 stripped
Transform:
  m_CorrespondingSourceObject: {fileID: 4000011899077288, guid: d82532fc4fd80bf4097d29efd331a0ff,
    type: 3}
  m_PrefabInstance: {fileID: 4161415588535140287}
  m_PrefabAsset: {fileID: 0}
--- !u!4 &4165377279743289547 stripped
Transform:
  m_CorrespondingSourceObject: {fileID: 4000010014037876, guid: d82532fc4fd80bf4097d29efd331a0ff,
    type: 3}
  m_PrefabInstance: {fileID: 4161415588535140287}
  m_PrefabAsset: {fileID: 0}
--- !u!4 &4165377277575934187 stripped
Transform:
  m_CorrespondingSourceObject: {fileID: 4000012095541076, guid: d82532fc4fd80bf4097d29efd331a0ff,
    type: 3}
  m_PrefabInstance: {fileID: 4161415588535140287}
  m_PrefabAsset: {fileID: 0}
--- !u!4 &4165377279696293487 stripped
Transform:
  m_CorrespondingSourceObject: {fileID: 4000010059330000, guid: d82532fc4fd80bf4097d29efd331a0ff,
    type: 3}
  m_PrefabInstance: {fileID: 4161415588535140287}
  m_PrefabAsset: {fileID: 0}
--- !u!4 &4165377276349860845 stripped
Transform:
  m_CorrespondingSourceObject: {fileID: 4000013323187282, guid: d82532fc4fd80bf4097d29efd331a0ff,
    type: 3}
  m_PrefabInstance: {fileID: 4161415588535140287}
  m_PrefabAsset: {fileID: 0}
--- !u!4 &4165377279504420013 stripped
Transform:
  m_CorrespondingSourceObject: {fileID: 4000010168496914, guid: d82532fc4fd80bf4097d29efd331a0ff,
    type: 3}
  m_PrefabInstance: {fileID: 4161415588535140287}
  m_PrefabAsset: {fileID: 0}
--- !u!4 &4165377276198179729 stripped
Transform:
  m_CorrespondingSourceObject: {fileID: 4000013540535342, guid: d82532fc4fd80bf4097d29efd331a0ff,
    type: 3}
  m_PrefabInstance: {fileID: 4161415588535140287}
  m_PrefabAsset: {fileID: 0}
--- !u!4 &4165377275994516699 stripped
Transform:
  m_CorrespondingSourceObject: {fileID: 4000013743805284, guid: d82532fc4fd80bf4097d29efd331a0ff,
    type: 3}
  m_PrefabInstance: {fileID: 4161415588535140287}
  m_PrefabAsset: {fileID: 0}
--- !u!4 &4165377275941410429 stripped
Transform:
  m_CorrespondingSourceObject: {fileID: 4000013815392706, guid: d82532fc4fd80bf4097d29efd331a0ff,
    type: 3}
  m_PrefabInstance: {fileID: 4161415588535140287}
  m_PrefabAsset: {fileID: 0}
--- !u!4 &4165377276781483609 stripped
Transform:
  m_CorrespondingSourceObject: {fileID: 4000012956838374, guid: d82532fc4fd80bf4097d29efd331a0ff,
    type: 3}
  m_PrefabInstance: {fileID: 4161415588535140287}
  m_PrefabAsset: {fileID: 0}
